%YAML 1.1
%TAG !u! tag:unity3d.com,2011:
--- !u!1 &101514
GameObject:
  m_ObjectHideFlags: 1
  m_PrefabParentObject: {fileID: 0}
  m_PrefabInternal: {fileID: 100100000}
  serializedVersion: 4
  m_Component:
  - 4: {fileID: 466422}
  - 212: {fileID: 21209006}
  - 114: {fileID: 11479692}
  m_Layer: 0
  m_Name: hiddenBone_15
  m_TagString: Untagged
  m_Icon: {fileID: 0}
  m_NavMeshLayer: 0
  m_StaticEditorFlags: 0
  m_IsActive: 1
--- !u!1 &110444
GameObject:
  m_ObjectHideFlags: 1
  m_PrefabParentObject: {fileID: 0}
  m_PrefabInternal: {fileID: 100100000}
  serializedVersion: 4
  m_Component:
  - 4: {fileID: 489420}
  - 212: {fileID: 21238356}
  m_Layer: 0
  m_Name: bone_25
  m_TagString: Untagged
  m_Icon: {fileID: 0}
  m_NavMeshLayer: 0
  m_StaticEditorFlags: 0
  m_IsActive: 1
--- !u!1 &110672
GameObject:
  m_ObjectHideFlags: 1
  m_PrefabParentObject: {fileID: 0}
  m_PrefabInternal: {fileID: 100100000}
  serializedVersion: 4
  m_Component:
  - 4: {fileID: 447768}
  - 212: {fileID: 21226620}
  - 114: {fileID: 11496712}
  m_Layer: 0
  m_Name: hiddenBone_17
  m_TagString: Untagged
  m_Icon: {fileID: 0}
  m_NavMeshLayer: 0
  m_StaticEditorFlags: 0
  m_IsActive: 1
--- !u!1 &113138
GameObject:
  m_ObjectHideFlags: 0
  m_PrefabParentObject: {fileID: 0}
  m_PrefabInternal: {fileID: 100100000}
  serializedVersion: 4
  m_Component:
  - 4: {fileID: 426156}
  - 114: {fileID: 11462020}
  - 114: {fileID: 11477962}
  - 95: {fileID: 9579714}
  m_Layer: 0
  m_Name: Sehrimnir
  m_TagString: Untagged
  m_Icon: {fileID: 0}
  m_NavMeshLayer: 0
  m_StaticEditorFlags: 0
  m_IsActive: 1
--- !u!1 &113912
GameObject:
  m_ObjectHideFlags: 1
  m_PrefabParentObject: {fileID: 0}
  m_PrefabInternal: {fileID: 100100000}
  serializedVersion: 4
  m_Component:
  - 4: {fileID: 458672}
  - 212: {fileID: 21216642}
  m_Layer: 0
  m_Name: bone_23
  m_TagString: Untagged
  m_Icon: {fileID: 0}
  m_NavMeshLayer: 0
  m_StaticEditorFlags: 0
  m_IsActive: 1
--- !u!1 &114614
GameObject:
  m_ObjectHideFlags: 1
  m_PrefabParentObject: {fileID: 0}
  m_PrefabInternal: {fileID: 100100000}
  serializedVersion: 4
  m_Component:
  - 4: {fileID: 414766}
  - 212: {fileID: 21253190}
  - 114: {fileID: 11482654}
  m_Layer: 0
  m_Name: hiddenBone_9
  m_TagString: Untagged
  m_Icon: {fileID: 0}
  m_NavMeshLayer: 0
  m_StaticEditorFlags: 0
  m_IsActive: 1
--- !u!1 &117436
GameObject:
  m_ObjectHideFlags: 1
  m_PrefabParentObject: {fileID: 0}
  m_PrefabInternal: {fileID: 100100000}
  serializedVersion: 4
  m_Component:
  - 4: {fileID: 468162}
  - 212: {fileID: 21274874}
  - 114: {fileID: 11413364}
  m_Layer: 0
  m_Name: hiddenBone_20
  m_TagString: Untagged
  m_Icon: {fileID: 0}
  m_NavMeshLayer: 0
  m_StaticEditorFlags: 0
  m_IsActive: 1
--- !u!1 &119848
GameObject:
  m_ObjectHideFlags: 0
  m_PrefabParentObject: {fileID: 0}
  m_PrefabInternal: {fileID: 100100000}
  serializedVersion: 4
  m_Component:
  - 4: {fileID: 495824}
  m_Layer: 0
  m_Name: bone_18_POLE
  m_TagString: Untagged
  m_Icon: {fileID: 0}
  m_NavMeshLayer: 0
  m_StaticEditorFlags: 0
  m_IsActive: 1
--- !u!1 &121742
GameObject:
  m_ObjectHideFlags: 1
  m_PrefabParentObject: {fileID: 0}
  m_PrefabInternal: {fileID: 100100000}
  serializedVersion: 4
  m_Component:
  - 4: {fileID: 492474}
  - 212: {fileID: 21284608}
  - 114: {fileID: 11452012}
  m_Layer: 0
  m_Name: hiddenBone_10
  m_TagString: Untagged
  m_Icon: {fileID: 0}
  m_NavMeshLayer: 0
  m_StaticEditorFlags: 0
  m_IsActive: 1
--- !u!1 &123006
GameObject:
  m_ObjectHideFlags: 1
  m_PrefabParentObject: {fileID: 0}
  m_PrefabInternal: {fileID: 100100000}
  serializedVersion: 4
  m_Component:
  - 4: {fileID: 400966}
  - 212: {fileID: 21276144}
  m_Layer: 0
  m_Name: bone_14
  m_TagString: Untagged
  m_Icon: {fileID: 0}
  m_NavMeshLayer: 0
  m_StaticEditorFlags: 0
  m_IsActive: 1
--- !u!1 &123178
GameObject:
  m_ObjectHideFlags: 1
  m_PrefabParentObject: {fileID: 0}
  m_PrefabInternal: {fileID: 100100000}
  serializedVersion: 4
  m_Component:
  - 4: {fileID: 475938}
  - 212: {fileID: 21254536}
  - 114: {fileID: 11482818}
  m_Layer: 0
  m_Name: hiddenBone_16
  m_TagString: Untagged
  m_Icon: {fileID: 0}
  m_NavMeshLayer: 0
  m_StaticEditorFlags: 0
  m_IsActive: 1
--- !u!1 &127844
GameObject:
  m_ObjectHideFlags: 1
  m_PrefabParentObject: {fileID: 0}
  m_PrefabInternal: {fileID: 100100000}
  serializedVersion: 4
  m_Component:
  - 4: {fileID: 414052}
  - 212: {fileID: 21248364}
  - 114: {fileID: 11416660}
  m_Layer: 0
  m_Name: hiddenBone_12
  m_TagString: Untagged
  m_Icon: {fileID: 0}
  m_NavMeshLayer: 0
  m_StaticEditorFlags: 0
  m_IsActive: 1
--- !u!1 &138166
GameObject:
  m_ObjectHideFlags: 0
  m_PrefabParentObject: {fileID: 0}
  m_PrefabInternal: {fileID: 100100000}
  serializedVersion: 4
  m_Component:
  - 4: {fileID: 424638}
  m_Layer: 0
  m_Name: bone_12_CTRL_GRP
  m_TagString: Untagged
  m_Icon: {fileID: 0}
  m_NavMeshLayer: 0
  m_StaticEditorFlags: 0
  m_IsActive: 1
--- !u!1 &140740
GameObject:
  m_ObjectHideFlags: 0
  m_PrefabParentObject: {fileID: 0}
  m_PrefabInternal: {fileID: 100100000}
  serializedVersion: 4
  m_Component:
  - 4: {fileID: 427100}
  - 33: {fileID: 3364498}
  - 137: {fileID: 13761482}
  - 114: {fileID: 11418198}
  m_Layer: 0
  m_Name: wildBoar_GEO
  m_TagString: Untagged
  m_Icon: {fileID: 0}
  m_NavMeshLayer: 0
  m_StaticEditorFlags: 0
  m_IsActive: 1
--- !u!1 &142434
GameObject:
  m_ObjectHideFlags: 1
  m_PrefabParentObject: {fileID: 0}
  m_PrefabInternal: {fileID: 100100000}
  serializedVersion: 4
  m_Component:
  - 4: {fileID: 401220}
  - 212: {fileID: 21266012}
  m_Layer: 0
  m_Name: bone_26
  m_TagString: Untagged
  m_Icon: {fileID: 0}
  m_NavMeshLayer: 0
  m_StaticEditorFlags: 0
  m_IsActive: 1
--- !u!1 &144058
GameObject:
  m_ObjectHideFlags: 1
  m_PrefabParentObject: {fileID: 0}
  m_PrefabInternal: {fileID: 100100000}
  serializedVersion: 4
  m_Component:
  - 4: {fileID: 450546}
  - 212: {fileID: 21218404}
  m_Layer: 0
  m_Name: bone_24
  m_TagString: Untagged
  m_Icon: {fileID: 0}
  m_NavMeshLayer: 0
  m_StaticEditorFlags: 0
  m_IsActive: 1
--- !u!1 &145224
GameObject:
  m_ObjectHideFlags: 0
  m_PrefabParentObject: {fileID: 0}
  m_PrefabInternal: {fileID: 100100000}
  serializedVersion: 4
  m_Component:
  - 4: {fileID: 468278}
  - 212: {fileID: 21249710}
  m_Layer: 0
  m_Name: bone_12
  m_TagString: Untagged
  m_Icon: {fileID: 0}
  m_NavMeshLayer: 0
  m_StaticEditorFlags: 0
  m_IsActive: 1
--- !u!1 &149212
GameObject:
  m_ObjectHideFlags: 1
  m_PrefabParentObject: {fileID: 0}
  m_PrefabInternal: {fileID: 100100000}
  serializedVersion: 4
  m_Component:
  - 4: {fileID: 478590}
  - 212: {fileID: 21236102}
  - 114: {fileID: 11496768}
  m_Layer: 0
  m_Name: hiddenBone_14
  m_TagString: Untagged
  m_Icon: {fileID: 0}
  m_NavMeshLayer: 0
  m_StaticEditorFlags: 0
  m_IsActive: 1
--- !u!1 &149604
GameObject:
  m_ObjectHideFlags: 0
  m_PrefabParentObject: {fileID: 0}
  m_PrefabInternal: {fileID: 100100000}
  serializedVersion: 4
  m_Component:
  - 4: {fileID: 410446}
  m_Layer: 0
  m_Name: bone_23_CTRL_GRP
  m_TagString: Untagged
  m_Icon: {fileID: 0}
  m_NavMeshLayer: 0
  m_StaticEditorFlags: 0
  m_IsActive: 1
--- !u!1 &151146
GameObject:
  m_ObjectHideFlags: 1
  m_PrefabParentObject: {fileID: 0}
  m_PrefabInternal: {fileID: 100100000}
  serializedVersion: 4
  m_Component:
  - 4: {fileID: 421994}
  - 212: {fileID: 21250648}
  - 114: {fileID: 11488988}
  m_Layer: 0
  m_Name: bone_20 (1)_CTRL
  m_TagString: Untagged
  m_Icon: {fileID: 0}
  m_NavMeshLayer: 0
  m_StaticEditorFlags: 0
  m_IsActive: 1
--- !u!1 &152234
GameObject:
  m_ObjectHideFlags: 1
  m_PrefabParentObject: {fileID: 0}
  m_PrefabInternal: {fileID: 100100000}
  serializedVersion: 4
  m_Component:
  - 4: {fileID: 401612}
  - 212: {fileID: 21247234}
  - 114: {fileID: 11459490}
  m_Layer: 0
  m_Name: bone_23_CTRL
  m_TagString: Untagged
  m_Icon: {fileID: 0}
  m_NavMeshLayer: 0
  m_StaticEditorFlags: 0
  m_IsActive: 1
--- !u!1 &152422
GameObject:
  m_ObjectHideFlags: 0
  m_PrefabParentObject: {fileID: 0}
  m_PrefabInternal: {fileID: 100100000}
  serializedVersion: 4
  m_Component:
  - 4: {fileID: 453064}
  m_Layer: 0
  m_Name: bone_20 (1)_CTRL_GRP
  m_TagString: Untagged
  m_Icon: {fileID: 0}
  m_NavMeshLayer: 0
  m_StaticEditorFlags: 0
  m_IsActive: 1
--- !u!1 &152764
GameObject:
  m_ObjectHideFlags: 1
  m_PrefabParentObject: {fileID: 0}
  m_PrefabInternal: {fileID: 100100000}
  serializedVersion: 4
  m_Component:
  - 4: {fileID: 425376}
  - 212: {fileID: 21204740}
  - 114: {fileID: 11456404}
  m_Layer: 0
  m_Name: hiddenBone_21
  m_TagString: Untagged
  m_Icon: {fileID: 0}
  m_NavMeshLayer: 0
  m_StaticEditorFlags: 0
  m_IsActive: 1
--- !u!1 &156456
GameObject:
  m_ObjectHideFlags: 0
  m_PrefabParentObject: {fileID: 0}
  m_PrefabInternal: {fileID: 100100000}
  serializedVersion: 4
  m_Component:
  - 4: {fileID: 418416}
  m_Layer: 0
  m_Name: bone_13_CTRL_GRP
  m_TagString: Untagged
  m_Icon: {fileID: 0}
  m_NavMeshLayer: 0
  m_StaticEditorFlags: 0
  m_IsActive: 1
--- !u!1 &159562
GameObject:
  m_ObjectHideFlags: 1
  m_PrefabParentObject: {fileID: 0}
  m_PrefabInternal: {fileID: 100100000}
  serializedVersion: 4
  m_Component:
  - 4: {fileID: 400322}
  - 212: {fileID: 21215404}
  m_Layer: 0
  m_Name: bone_15
  m_TagString: Untagged
  m_Icon: {fileID: 0}
  m_NavMeshLayer: 0
  m_StaticEditorFlags: 0
  m_IsActive: 1
--- !u!1 &160888
GameObject:
  m_ObjectHideFlags: 1
  m_PrefabParentObject: {fileID: 0}
  m_PrefabInternal: {fileID: 100100000}
  serializedVersion: 4
  m_Component:
  - 4: {fileID: 485714}
  - 212: {fileID: 21226060}
  - 114: {fileID: 11414926}
  m_Layer: 0
  m_Name: hiddenBone_18
  m_TagString: Untagged
  m_Icon: {fileID: 0}
  m_NavMeshLayer: 0
  m_StaticEditorFlags: 0
  m_IsActive: 1
--- !u!1 &161126
GameObject:
  m_ObjectHideFlags: 1
  m_PrefabParentObject: {fileID: 0}
  m_PrefabInternal: {fileID: 100100000}
  serializedVersion: 4
  m_Component:
  - 4: {fileID: 452826}
  - 212: {fileID: 21209544}
  - 114: {fileID: 11435298}
  m_Layer: 0
  m_Name: bone_15_CTRL
  m_TagString: Untagged
  m_Icon: {fileID: 0}
  m_NavMeshLayer: 0
  m_StaticEditorFlags: 0
  m_IsActive: 1
--- !u!1 &162188
GameObject:
  m_ObjectHideFlags: 1
  m_PrefabParentObject: {fileID: 0}
  m_PrefabInternal: {fileID: 100100000}
  serializedVersion: 4
  m_Component:
  - 4: {fileID: 457012}
  - 212: {fileID: 21244370}
  - 114: {fileID: 11478618}
  m_Layer: 0
  m_Name: hiddenBone_19
  m_TagString: Untagged
  m_Icon: {fileID: 0}
  m_NavMeshLayer: 0
  m_StaticEditorFlags: 0
  m_IsActive: 1
--- !u!1 &163724
GameObject:
  m_ObjectHideFlags: 1
  m_PrefabParentObject: {fileID: 0}
  m_PrefabInternal: {fileID: 100100000}
  serializedVersion: 4
  m_Component:
  - 4: {fileID: 464636}
  - 212: {fileID: 21234748}
  - 114: {fileID: 11423908}
  m_Layer: 0
  m_Name: hiddenBone_22
  m_TagString: Untagged
  m_Icon: {fileID: 0}
  m_NavMeshLayer: 0
  m_StaticEditorFlags: 0
  m_IsActive: 1
--- !u!1 &165236
GameObject:
  m_ObjectHideFlags: 1
  m_PrefabParentObject: {fileID: 0}
  m_PrefabInternal: {fileID: 100100000}
  serializedVersion: 4
  m_Component:
  - 4: {fileID: 432522}
  - 212: {fileID: 21204256}
  - 114: {fileID: 11430614}
  m_Layer: 0
  m_Name: hiddenBone_13
  m_TagString: Untagged
  m_Icon: {fileID: 0}
  m_NavMeshLayer: 0
  m_StaticEditorFlags: 0
  m_IsActive: 1
--- !u!1 &165868
GameObject:
  m_ObjectHideFlags: 0
  m_PrefabParentObject: {fileID: 0}
  m_PrefabInternal: {fileID: 100100000}
  serializedVersion: 4
  m_Component:
  - 4: {fileID: 498242}
  m_Layer: 0
  m_Name: bone_26_POLE
  m_TagString: Untagged
  m_Icon: {fileID: 0}
  m_NavMeshLayer: 0
  m_StaticEditorFlags: 0
  m_IsActive: 1
--- !u!1 &166414
GameObject:
  m_ObjectHideFlags: 1
  m_PrefabParentObject: {fileID: 0}
  m_PrefabInternal: {fileID: 100100000}
  serializedVersion: 4
  m_Component:
  - 4: {fileID: 450598}
  - 212: {fileID: 21234336}
  m_Layer: 0
  m_Name: bone_19
  m_TagString: Untagged
  m_Icon: {fileID: 0}
  m_NavMeshLayer: 0
  m_StaticEditorFlags: 0
  m_IsActive: 1
--- !u!1 &170116
GameObject:
  m_ObjectHideFlags: 1
  m_PrefabParentObject: {fileID: 0}
  m_PrefabInternal: {fileID: 100100000}
  serializedVersion: 4
  m_Component:
  - 4: {fileID: 473308}
  - 212: {fileID: 21203908}
  m_Layer: 0
  m_Name: bone_22
  m_TagString: Untagged
  m_Icon: {fileID: 0}
  m_NavMeshLayer: 0
  m_StaticEditorFlags: 0
  m_IsActive: 1
--- !u!1 &171834
GameObject:
  m_ObjectHideFlags: 1
  m_PrefabParentObject: {fileID: 0}
  m_PrefabInternal: {fileID: 100100000}
  serializedVersion: 4
  m_Component:
  - 4: {fileID: 416286}
  - 212: {fileID: 21277810}
  m_Layer: 0
  m_Name: bone_18
  m_TagString: Untagged
  m_Icon: {fileID: 0}
  m_NavMeshLayer: 0
  m_StaticEditorFlags: 0
  m_IsActive: 1
--- !u!1 &176074
GameObject:
  m_ObjectHideFlags: 0
  m_PrefabParentObject: {fileID: 0}
  m_PrefabInternal: {fileID: 100100000}
  serializedVersion: 4
  m_Component:
  - 4: {fileID: 441410}
  m_Layer: 0
  m_Name: bone_15_POLE
  m_TagString: Untagged
  m_Icon: {fileID: 0}
  m_NavMeshLayer: 0
  m_StaticEditorFlags: 0
  m_IsActive: 1
--- !u!1 &180986
GameObject:
  m_ObjectHideFlags: 0
  m_PrefabParentObject: {fileID: 0}
  m_PrefabInternal: {fileID: 100100000}
  serializedVersion: 4
  m_Component:
  - 4: {fileID: 470474}
  m_Layer: 0
  m_Name: bone_15_CTRL_GRP
  m_TagString: Untagged
  m_Icon: {fileID: 0}
  m_NavMeshLayer: 0
  m_StaticEditorFlags: 0
  m_IsActive: 1
--- !u!1 &181228
GameObject:
  m_ObjectHideFlags: 0
  m_PrefabParentObject: {fileID: 0}
  m_PrefabInternal: {fileID: 100100000}
  serializedVersion: 4
  m_Component:
  - 4: {fileID: 496880}
  m_Layer: 0
  m_Name: bone_23_POLE
  m_TagString: Untagged
  m_Icon: {fileID: 0}
  m_NavMeshLayer: 0
  m_StaticEditorFlags: 0
  m_IsActive: 1
--- !u!1 &182560
GameObject:
  m_ObjectHideFlags: 1
  m_PrefabParentObject: {fileID: 0}
  m_PrefabInternal: {fileID: 100100000}
  serializedVersion: 4
  m_Component:
  - 4: {fileID: 487880}
  - 212: {fileID: 21273106}
  m_Layer: 0
  m_Name: bone_21
  m_TagString: Untagged
  m_Icon: {fileID: 0}
  m_NavMeshLayer: 0
  m_StaticEditorFlags: 0
  m_IsActive: 1
--- !u!1 &182744
GameObject:
  m_ObjectHideFlags: 1
  m_PrefabParentObject: {fileID: 0}
  m_PrefabInternal: {fileID: 100100000}
  serializedVersion: 4
  m_Component:
  - 4: {fileID: 460658}
  - 212: {fileID: 21281834}
  m_Layer: 0
  m_Name: bone_20
  m_TagString: Untagged
  m_Icon: {fileID: 0}
  m_NavMeshLayer: 0
  m_StaticEditorFlags: 0
  m_IsActive: 1
--- !u!1 &184474
GameObject:
  m_ObjectHideFlags: 0
  m_PrefabParentObject: {fileID: 0}
  m_PrefabInternal: {fileID: 100100000}
  serializedVersion: 4
  m_Component:
  - 4: {fileID: 463634}
  m_Layer: 0
  m_Name: bone_20 (1)_POLE
  m_TagString: Untagged
  m_Icon: {fileID: 0}
  m_NavMeshLayer: 0
  m_StaticEditorFlags: 0
  m_IsActive: 1
--- !u!1 &188936
GameObject:
  m_ObjectHideFlags: 1
  m_PrefabParentObject: {fileID: 0}
  m_PrefabInternal: {fileID: 100100000}
  serializedVersion: 4
  m_Component:
  - 4: {fileID: 462496}
  - 212: {fileID: 21218506}
  - 114: {fileID: 11421888}
  m_Layer: 0
  m_Name: bone_26_CTRL
  m_TagString: Untagged
  m_Icon: {fileID: 0}
  m_NavMeshLayer: 0
  m_StaticEditorFlags: 0
  m_IsActive: 1
--- !u!1 &189394
GameObject:
  m_ObjectHideFlags: 1
  m_PrefabParentObject: {fileID: 0}
  m_PrefabInternal: {fileID: 100100000}
  serializedVersion: 4
  m_Component:
  - 4: {fileID: 433874}
  - 212: {fileID: 21205800}
  - 114: {fileID: 11464370}
  m_Layer: 0
  m_Name: bone_18_CTRL
  m_TagString: Untagged
  m_Icon: {fileID: 0}
  m_NavMeshLayer: 0
  m_StaticEditorFlags: 0
  m_IsActive: 1
--- !u!1 &189756
GameObject:
  m_ObjectHideFlags: 1
  m_PrefabParentObject: {fileID: 0}
  m_PrefabInternal: {fileID: 100100000}
  serializedVersion: 4
  m_Component:
  - 4: {fileID: 494564}
  - 212: {fileID: 21232860}
  m_Layer: 0
  m_Name: bone_16
  m_TagString: Untagged
  m_Icon: {fileID: 0}
  m_NavMeshLayer: 0
  m_StaticEditorFlags: 0
  m_IsActive: 1
--- !u!1 &189818
GameObject:
  m_ObjectHideFlags: 0
  m_PrefabParentObject: {fileID: 0}
  m_PrefabInternal: {fileID: 100100000}
  serializedVersion: 4
  m_Component:
  - 4: {fileID: 451552}
  m_Layer: 0
  m_Name: bone_26_CTRL_GRP
  m_TagString: Untagged
  m_Icon: {fileID: 0}
  m_NavMeshLayer: 0
  m_StaticEditorFlags: 0
  m_IsActive: 1
--- !u!1 &190778
GameObject:
  m_ObjectHideFlags: 1
  m_PrefabParentObject: {fileID: 0}
  m_PrefabInternal: {fileID: 100100000}
  serializedVersion: 4
  m_Component:
  - 4: {fileID: 497450}
  - 212: {fileID: 21225000}
  - 114: {fileID: 11409602}
  m_Layer: 0
  m_Name: bone_13_CTRL
  m_TagString: Untagged
  m_Icon: {fileID: 0}
  m_NavMeshLayer: 0
  m_StaticEditorFlags: 0
  m_IsActive: 1
--- !u!1 &191590
GameObject:
  m_ObjectHideFlags: 1
  m_PrefabParentObject: {fileID: 0}
  m_PrefabInternal: {fileID: 100100000}
  serializedVersion: 4
  m_Component:
  - 4: {fileID: 426094}
  - 212: {fileID: 21273384}
  m_Layer: 0
  m_Name: bone_13
  m_TagString: Untagged
  m_Icon: {fileID: 0}
  m_NavMeshLayer: 0
  m_StaticEditorFlags: 0
  m_IsActive: 1
--- !u!1 &195308
GameObject:
  m_ObjectHideFlags: 1
  m_PrefabParentObject: {fileID: 0}
  m_PrefabInternal: {fileID: 100100000}
  serializedVersion: 4
  m_Component:
  - 4: {fileID: 403100}
  - 212: {fileID: 21242446}
  m_Layer: 0
  m_Name: bone_17
  m_TagString: Untagged
  m_Icon: {fileID: 0}
  m_NavMeshLayer: 0
  m_StaticEditorFlags: 0
  m_IsActive: 1
--- !u!1 &195928
GameObject:
  m_ObjectHideFlags: 1
  m_PrefabParentObject: {fileID: 0}
  m_PrefabInternal: {fileID: 100100000}
  serializedVersion: 4
  m_Component:
  - 4: {fileID: 419072}
  - 212: {fileID: 21227420}
  - 114: {fileID: 11430780}
  m_Layer: 0
  m_Name: hiddenBone_11
  m_TagString: Untagged
  m_Icon: {fileID: 0}
  m_NavMeshLayer: 0
  m_StaticEditorFlags: 0
  m_IsActive: 1
--- !u!1 &196202
GameObject:
  m_ObjectHideFlags: 1
  m_PrefabParentObject: {fileID: 0}
  m_PrefabInternal: {fileID: 100100000}
  serializedVersion: 4
  m_Component:
  - 4: {fileID: 431218}
  - 212: {fileID: 21258518}
  - 114: {fileID: 11443472}
  m_Layer: 0
  m_Name: bone_12_CTRL
  m_TagString: Untagged
  m_Icon: {fileID: 0}
  m_NavMeshLayer: 0
  m_StaticEditorFlags: 0
  m_IsActive: 1
--- !u!1 &197130
GameObject:
  m_ObjectHideFlags: 0
  m_PrefabParentObject: {fileID: 0}
  m_PrefabInternal: {fileID: 100100000}
  serializedVersion: 4
  m_Component:
  - 4: {fileID: 487276}
  m_Layer: 0
  m_Name: bone_18_CTRL_GRP
  m_TagString: Untagged
  m_Icon: {fileID: 0}
  m_NavMeshLayer: 0
  m_StaticEditorFlags: 0
  m_IsActive: 1
--- !u!1 &199802
GameObject:
  m_ObjectHideFlags: 1
  m_PrefabParentObject: {fileID: 0}
  m_PrefabInternal: {fileID: 100100000}
  serializedVersion: 4
  m_Component:
  - 4: {fileID: 402992}
  - 212: {fileID: 21245426}
  m_Layer: 0
  m_Name: bone_20 (1)
  m_TagString: Untagged
  m_Icon: {fileID: 0}
  m_NavMeshLayer: 0
  m_StaticEditorFlags: 0
  m_IsActive: 1
--- !u!4 &400322
Transform:
  m_ObjectHideFlags: 1
  m_PrefabParentObject: {fileID: 0}
  m_PrefabInternal: {fileID: 100100000}
  m_GameObject: {fileID: 159562}
  m_LocalRotation: {x: -.837262273, y: .546801627, z: 8.04457895e-16, w: -4.21468513e-08}
  m_LocalPosition: {x: -7.01150276e-22, y: 1, z: -7.05573342e-08}
  m_LocalScale: {x: .126221314, y: .126221314, z: .126221314}
  m_Children: []
  m_Father: {fileID: 400966}
  m_RootOrder: 0
--- !u!4 &400966
Transform:
  m_ObjectHideFlags: 1
  m_PrefabParentObject: {fileID: 0}
  m_PrefabInternal: {fileID: 100100000}
  m_GameObject: {fileID: 123006}
  m_LocalRotation: {x: 2.96143927e-08, y: -2.99890814e-08, z: -.211534753, w: .977370501}
  m_LocalPosition: {x: 2.24774354e-07, y: 1.00000012, z: 2.05974645e-14}
  m_LocalScale: {x: 1.24486637, y: 1.24486601, z: 1.24486601}
  m_Children:
  - {fileID: 400322}
  - {fileID: 419072}
  m_Father: {fileID: 426094}
  m_RootOrder: 0
--- !u!4 &401220
Transform:
  m_ObjectHideFlags: 1
  m_PrefabParentObject: {fileID: 0}
  m_PrefabInternal: {fileID: 100100000}
  m_GameObject: {fileID: 142434}
  m_LocalRotation: {x: -.972336829, y: .233583301, z: -1.07337404e-14, w: 3.82199358e-14}
  m_LocalPosition: {x: 3.45470426e-08, y: 1.00000012, z: 9.41146183e-08}
  m_LocalScale: {x: .289801568, y: .289801598, z: .289801449}
  m_Children: []
  m_Father: {fileID: 489420}
  m_RootOrder: 0
--- !u!4 &401612
Transform:
  m_ObjectHideFlags: 1
  m_PrefabParentObject: {fileID: 0}
  m_PrefabInternal: {fileID: 100100000}
  m_GameObject: {fileID: 152234}
  m_LocalRotation: {x: 0, y: 0, z: 0, w: 1}
  m_LocalPosition: {x: 0, y: 0, z: 0}
  m_LocalScale: {x: 1, y: 1, z: 1}
  m_Children: []
  m_Father: {fileID: 410446}
  m_RootOrder: 0
--- !u!4 &402992
Transform:
  m_ObjectHideFlags: 1
  m_PrefabParentObject: {fileID: 0}
  m_PrefabInternal: {fileID: 100100000}
  m_GameObject: {fileID: 199802}
  m_LocalRotation: {x: .91883111, y: -.394651026, z: 6.78234571e-08, w: 3.58248631e-09}
  m_LocalPosition: {x: 1.93479281e-07, y: 1.00000012, z: 0}
  m_LocalScale: {x: .81151104, y: .811510682, z: .811510742}
  m_Children: []
  m_Father: {fileID: 460658}
  m_RootOrder: 0
--- !u!4 &403100
Transform:
  m_ObjectHideFlags: 1
  m_PrefabParentObject: {fileID: 0}
  m_PrefabInternal: {fileID: 100100000}
  m_GameObject: {fileID: 195308}
  m_LocalRotation: {x: 4.64515182e-08, y: -7.91851296e-09, z: .00567391515, w: .999983966}
  m_LocalPosition: {x: 3.93097395e-08, y: 1.00000036, z: -3.86298673e-08}
  m_LocalScale: {x: .467666924, y: .467666924, z: .467666924}
  m_Children:
  - {fileID: 416286}
  - {fileID: 478590}
  m_Father: {fileID: 494564}
  m_RootOrder: 0
--- !u!4 &410446
Transform:
  m_ObjectHideFlags: 1
  m_PrefabParentObject: {fileID: 0}
  m_PrefabInternal: {fileID: 100100000}
  m_GameObject: {fileID: 149604}
  m_LocalRotation: {x: 3.9551691e-15, y: -5.55111428e-15, z: 5.21540571e-08, w: 1}
  m_LocalPosition: {x: 139.561325, y: -197.322571, z: -5.68434189e-14}
  m_LocalScale: {x: 1, y: 1, z: 1}
  m_Children:
  - {fileID: 401612}
  m_Father: {fileID: 426156}
  m_RootOrder: 8
--- !u!4 &414052
Transform:
  m_ObjectHideFlags: 1
  m_PrefabParentObject: {fileID: 0}
  m_PrefabInternal: {fileID: 100100000}
  m_GameObject: {fileID: 127844}
  m_LocalRotation: {x: -4.46089317e-08, y: 1.51818824e-08, z: -.361844689, w: .93223846}
  m_LocalPosition: {x: 2.39073135e-08, y: -3.53785112e-09, z: 3.72088487e-15}
  m_LocalScale: {x: .609000385, y: .609000444, z: .609000385}
  m_Children: []
  m_Father: {fileID: 426094}
  m_RootOrder: 2
--- !u!4 &414766
Transform:
  m_ObjectHideFlags: 1
  m_PrefabParentObject: {fileID: 0}
  m_PrefabInternal: {fileID: 100100000}
  m_GameObject: {fileID: 114614}
  m_LocalRotation: {x: -4.60885481e-08, y: 3.25731762e-08, z: -.807651281, w: -.589660525}
  m_LocalPosition: {x: 0, y: 0, z: 0}
  m_LocalScale: {x: 3.07347822, y: 3.07347798, z: 3.07347822}
  m_Children: []
  m_Father: {fileID: 468278}
  m_RootOrder: 3
--- !u!4 &416286
Transform:
  m_ObjectHideFlags: 1
  m_PrefabParentObject: {fileID: 0}
  m_PrefabInternal: {fileID: 100100000}
  m_GameObject: {fileID: 171834}
  m_LocalRotation: {x: .958492815, y: .285116702, z: -9.15187126e-09, w: 2.47696619e-08}
  m_LocalPosition: {x: 2.64148952e-08, y: 1, z: -1.30188567e-07}
  m_LocalScale: {x: .443168283, y: .443168432, z: .443168372}
  m_Children: []
  m_Father: {fileID: 403100}
  m_RootOrder: 0
--- !u!4 &418416
Transform:
  m_ObjectHideFlags: 1
  m_PrefabParentObject: {fileID: 0}
  m_PrefabInternal: {fileID: 100100000}
  m_GameObject: {fileID: 156456}
  m_LocalRotation: {x: .90607965, y: -.423107266, z: -1.77635684e-15, w: -8.8817842e-16}
  m_LocalPosition: {x: 127.604889, y: -188.752625, z: -7.10542736e-14}
  m_LocalScale: {x: 1, y: 1, z: 1}
  m_Children:
  - {fileID: 497450}
  m_Father: {fileID: 426156}
  m_RootOrder: 1
--- !u!4 &419072
Transform:
  m_ObjectHideFlags: 1
  m_PrefabParentObject: {fileID: 0}
  m_PrefabInternal: {fileID: 100100000}
  m_GameObject: {fileID: 195928}
  m_LocalRotation: {x: -1.39680265e-14, y: -6.73360827e-15, z: -2.68220901e-07, w: 1}
  m_LocalPosition: {x: -6.35300125e-07, y: -4.46273788e-07, z: 7.14256603e-14}
  m_LocalScale: {x: .999999642, y: 1, z: .999999762}
  m_Children: []
  m_Father: {fileID: 400966}
  m_RootOrder: 1
--- !u!4 &421994
Transform:
  m_ObjectHideFlags: 1
  m_PrefabParentObject: {fileID: 0}
  m_PrefabInternal: {fileID: 100100000}
  m_GameObject: {fileID: 151146}
  m_LocalRotation: {x: 0, y: 0, z: 0, w: 1}
  m_LocalPosition: {x: .409999996, y: .970000029, z: -0}
  m_LocalScale: {x: 1, y: 1, z: 1}
  m_Children: []
  m_Father: {fileID: 453064}
  m_RootOrder: 0
--- !u!4 &424638
Transform:
  m_ObjectHideFlags: 1
  m_PrefabParentObject: {fileID: 0}
  m_PrefabInternal: {fileID: 100100000}
  m_GameObject: {fileID: 138166}
  m_LocalRotation: {x: .997744858, y: .0671210811, z: 2.63417821e-09, w: 4.21468513e-08}
  m_LocalPosition: {x: 135.414536, y: -190.134857, z: 0}
  m_LocalScale: {x: 1, y: 1, z: 1}
  m_Children:
  - {fileID: 431218}
  m_Father: {fileID: 426156}
  m_RootOrder: 0
--- !u!4 &425376
Transform:
  m_ObjectHideFlags: 1
  m_PrefabParentObject: {fileID: 0}
  m_PrefabInternal: {fileID: 100100000}
  m_GameObject: {fileID: 152764}
  m_LocalRotation: {x: -5.18008703e-09, y: 2.61958615e-08, z: 4.470348e-08, w: 1}
  m_LocalPosition: {x: -3.16042133e-06, y: -5.05803928e-06, z: -3.04884752e-13}
  m_LocalScale: {x: 1.00000739, y: 1.00000691, z: 1.00000703}
  m_Children: []
  m_Father: {fileID: 450546}
  m_RootOrder: 1
--- !u!4 &426094
Transform:
  m_ObjectHideFlags: 1
  m_PrefabParentObject: {fileID: 0}
  m_PrefabInternal: {fileID: 100100000}
  m_GameObject: {fileID: 191590}
  m_LocalRotation: {x: 2.77400751e-08, y: -3.18399778e-08, z: .757095695, w: .65330404}
  m_LocalPosition: {x: -2.92742682, y: -.936184525, z: -7.78924232e-08}
  m_LocalScale: {x: 2.46629739, y: 2.46629763, z: 2.4662981}
  m_Children:
  - {fileID: 400966}
  - {fileID: 494564}
  - {fileID: 414052}
  - {fileID: 492474}
  m_Father: {fileID: 468278}
  m_RootOrder: 0
--- !u!4 &426156
Transform:
  m_ObjectHideFlags: 1
  m_PrefabParentObject: {fileID: 0}
  m_PrefabInternal: {fileID: 100100000}
  m_GameObject: {fileID: 113138}
  m_LocalRotation: {x: 0, y: 0, z: 0, w: 1}
  m_LocalPosition: {x: 0, y: 0, z: 0}
  m_LocalScale: {x: 1, y: 1, z: 1}
  m_Children:
  - {fileID: 424638}
  - {fileID: 418416}
  - {fileID: 470474}
  - {fileID: 441410}
  - {fileID: 487276}
  - {fileID: 495824}
  - {fileID: 451552}
  - {fileID: 498242}
  - {fileID: 410446}
  - {fileID: 496880}
  - {fileID: 453064}
  - {fileID: 463634}
  - {fileID: 468278}
  - {fileID: 427100}
  m_Father: {fileID: 0}
  m_RootOrder: 0
--- !u!4 &427100
Transform:
  m_ObjectHideFlags: 1
  m_PrefabParentObject: {fileID: 0}
  m_PrefabInternal: {fileID: 100100000}
  m_GameObject: {fileID: 140740}
  m_LocalRotation: {x: 0, y: 0, z: 0, w: 1}
  m_LocalPosition: {x: 128.240005, y: -190.809998, z: 0}
  m_LocalScale: {x: 6.28799772, y: 6.28799677, z: 6.28799677}
  m_Children: []
  m_Father: {fileID: 426156}
  m_RootOrder: 13
--- !u!4 &431218
Transform:
  m_ObjectHideFlags: 1
  m_PrefabParentObject: {fileID: 0}
  m_PrefabInternal: {fileID: 100100000}
  m_GameObject: {fileID: 196202}
  m_LocalRotation: {x: 0, y: 0, z: 0, w: 1}
  m_LocalPosition: {x: .0299999993, y: -.200000003, z: -0}
  m_LocalScale: {x: 1, y: 1, z: 1}
  m_Children: []
  m_Father: {fileID: 424638}
  m_RootOrder: 0
--- !u!4 &432522
Transform:
  m_ObjectHideFlags: 1
  m_PrefabParentObject: {fileID: 0}
  m_PrefabInternal: {fileID: 100100000}
  m_GameObject: {fileID: 165236}
  m_LocalRotation: {x: -5.19764774e-16, y: -3.89882595e-16, z: -4.47034836e-07, w: 1}
  m_LocalPosition: {x: -4.14944196e-07, y: 8.11892107e-07, z: 1.90004673e-15}
  m_LocalScale: {x: .999998331, y: .999998331, z: .999998271}
  m_Children: []
  m_Father: {fileID: 494564}
  m_RootOrder: 3
--- !u!4 &433874
Transform:
  m_ObjectHideFlags: 1
  m_PrefabParentObject: {fileID: 0}
  m_PrefabInternal: {fileID: 100100000}
  m_GameObject: {fileID: 189394}
  m_LocalRotation: {x: 0, y: 0, z: 0, w: 1}
  m_LocalPosition: {x: 0, y: 0, z: 0}
  m_LocalScale: {x: 1, y: 1, z: 1}
  m_Children: []
  m_Father: {fileID: 487276}
  m_RootOrder: 0
--- !u!4 &441410
Transform:
  m_ObjectHideFlags: 1
  m_PrefabParentObject: {fileID: 0}
  m_PrefabInternal: {fileID: 100100000}
  m_GameObject: {fileID: 176074}
  m_LocalRotation: {x: 0, y: 0, z: 0, w: 1}
  m_LocalPosition: {x: 117.693886, y: -176.485001, z: -2.53551899e-08}
  m_LocalScale: {x: 1, y: 1, z: 1}
  m_Children: []
  m_Father: {fileID: 426156}
  m_RootOrder: 3
--- !u!4 &447768
Transform:
  m_ObjectHideFlags: 1
  m_PrefabParentObject: {fileID: 0}
  m_PrefabInternal: {fileID: 100100000}
  m_GameObject: {fileID: 110672}
  m_LocalRotation: {x: 0, y: 0, z: 0, w: 1}
  m_LocalPosition: {x: 0, y: 0, z: 0}
  m_LocalScale: {x: 1.00000012, y: .999999821, z: 1}
  m_Children: []
  m_Father: {fileID: 468278}
  m_RootOrder: 2
--- !u!4 &450546
Transform:
  m_ObjectHideFlags: 1
  m_PrefabParentObject: {fileID: 0}
  m_PrefabInternal: {fileID: 100100000}
  m_GameObject: {fileID: 144058}
  m_LocalRotation: {x: -7.14071433e-08, y: -4.06205949e-08, z: .334027469, w: .942563355}
  m_LocalPosition: {x: -.4681665, y: -.250933617, z: -8.55014781e-10}
  m_LocalScale: {x: .3675313, y: .367531419, z: .367531449}
  m_Children:
  - {fileID: 489420}
  - {fileID: 425376}
  m_Father: {fileID: 487880}
  m_RootOrder: 1
--- !u!4 &450598
Transform:
  m_ObjectHideFlags: 1
  m_PrefabParentObject: {fileID: 0}
  m_PrefabInternal: {fileID: 100100000}
  m_GameObject: {fileID: 166414}
  m_LocalRotation: {x: 4.02939158e-08, y: 1.23595099e-08, z: .587476254, w: .809241474}
  m_LocalPosition: {x: -.918959677, y: .245177358, z: -4.34145022e-08}
  m_LocalScale: {x: .820075214, y: .820075512, z: .820075572}
  m_Children:
  - {fileID: 460658}
  - {fileID: 475938}
  m_Father: {fileID: 494564}
  m_RootOrder: 1
--- !u!4 &451552
Transform:
  m_ObjectHideFlags: 1
  m_PrefabParentObject: {fileID: 0}
  m_PrefabInternal: {fileID: 100100000}
  m_GameObject: {fileID: 189818}
  m_LocalRotation: {x: 2.8657625e-14, y: -1.55431192e-15, z: 2.98023153e-08, w: 1}
  m_LocalPosition: {x: 131.917557, y: -197.665375, z: -2.84217094e-13}
  m_LocalScale: {x: 1, y: 1, z: 1}
  m_Children:
  - {fileID: 462496}
  m_Father: {fileID: 426156}
  m_RootOrder: 6
--- !u!4 &452826
Transform:
  m_ObjectHideFlags: 1
  m_PrefabParentObject: {fileID: 0}
  m_PrefabInternal: {fileID: 100100000}
  m_GameObject: {fileID: 161126}
  m_LocalRotation: {x: 0, y: 0, z: 0, w: 1}
  m_LocalPosition: {x: 0, y: 0, z: 0}
  m_LocalScale: {x: 1, y: 1, z: 1}
  m_Children: []
  m_Father: {fileID: 470474}
  m_RootOrder: 0
--- !u!4 &453064
Transform:
  m_ObjectHideFlags: 1
  m_PrefabParentObject: {fileID: 0}
  m_PrefabInternal: {fileID: 100100000}
  m_GameObject: {fileID: 152422}
  m_LocalRotation: {x: -5.38836566e-08, y: -2.77360854e-08, z: -6.80238008e-06, w: -1}
  m_LocalPosition: {x: 118.614655, y: -198.89473, z: -4.59591377e-07}
  m_LocalScale: {x: 1, y: 1, z: 1}
  m_Children:
  - {fileID: 421994}
  m_Father: {fileID: 426156}
  m_RootOrder: 10
--- !u!4 &457012
Transform:
  m_ObjectHideFlags: 1
  m_PrefabParentObject: {fileID: 0}
  m_PrefabInternal: {fileID: 100100000}
  m_GameObject: {fileID: 162188}
  m_LocalRotation: {x: -7.36923799e-16, y: 1.30165109e-15, z: -2.235174e-08, w: 1}
  m_LocalPosition: {x: 1.5514928e-07, y: 8.55336282e-07, z: 2.02311244e-14}
  m_LocalScale: {x: 1.00000179, y: 1.00000155, z: 1.00000179}
  m_Children: []
  m_Father: {fileID: 473308}
  m_RootOrder: 1
--- !u!4 &458672
Transform:
  m_ObjectHideFlags: 1
  m_PrefabParentObject: {fileID: 0}
  m_PrefabInternal: {fileID: 100100000}
  m_GameObject: {fileID: 113912}
  m_LocalRotation: {x: -.999066651, y: -.0431946963, z: 7.04904334e-15, w: 3.0316872e-15}
  m_LocalPosition: {x: -3.16936899e-09, y: 1.00000024, z: -1.3074643e-14}
  m_LocalScale: {x: .425385445, y: .425385356, z: .425385326}
  m_Children: []
  m_Father: {fileID: 473308}
  m_RootOrder: 0
--- !u!4 &460658
Transform:
  m_ObjectHideFlags: 1
  m_PrefabParentObject: {fileID: 0}
  m_PrefabInternal: {fileID: 100100000}
  m_GameObject: {fileID: 182744}
  m_LocalRotation: {x: 7.94813815e-09, y: 2.26562786e-08, z: .0724833235, w: .997369647}
  m_LocalPosition: {x: .0700000003, y: .560000002, z: 0}
  m_LocalScale: {x: .311427712, y: .311427683, z: .311427712}
  m_Children:
  - {fileID: 402992}
  m_Father: {fileID: 450598}
  m_RootOrder: 0
--- !u!4 &462496
Transform:
  m_ObjectHideFlags: 1
  m_PrefabParentObject: {fileID: 0}
  m_PrefabInternal: {fileID: 100100000}
  m_GameObject: {fileID: 188936}
  m_LocalRotation: {x: 0, y: 0, z: 0, w: 1}
  m_LocalPosition: {x: .660000026, y: -.5, z: 0}
  m_LocalScale: {x: 1, y: 1, z: 1}
  m_Children: []
  m_Father: {fileID: 451552}
  m_RootOrder: 0
--- !u!4 &463634
Transform:
  m_ObjectHideFlags: 1
  m_PrefabParentObject: {fileID: 0}
  m_PrefabInternal: {fileID: 100100000}
  m_GameObject: {fileID: 184474}
  m_LocalRotation: {x: 0, y: 0, z: 0, w: 1}
  m_LocalPosition: {x: 123.702713, y: -198.91333, z: 4.77754895e-07}
  m_LocalScale: {x: 1, y: 1, z: 1}
  m_Children: []
  m_Father: {fileID: 426156}
  m_RootOrder: 11
--- !u!4 &464636
Transform:
  m_ObjectHideFlags: 1
  m_PrefabParentObject: {fileID: 0}
  m_PrefabInternal: {fileID: 100100000}
  m_GameObject: {fileID: 163724}
  m_LocalRotation: {x: 8.41894761e-15, y: -7.73151684e-15, z: -5.96046306e-08, w: 1}
  m_LocalPosition: {x: -5.66932272e-07, y: 1.52543976e-06, z: -2.47097044e-14}
  m_LocalScale: {x: 1.00000048, y: 1.00000024, z: 1.00000024}
  m_Children: []
  m_Father: {fileID: 489420}
  m_RootOrder: 1
--- !u!4 &466422
Transform:
  m_ObjectHideFlags: 1
  m_PrefabParentObject: {fileID: 0}
  m_PrefabInternal: {fileID: 100100000}
  m_GameObject: {fileID: 101514}
  m_LocalRotation: {x: 4.33900631e-08, y: 2.16364149e-09, z: .609187901, w: .793025911}
  m_LocalPosition: {x: -4.14944196e-07, y: 8.11892107e-07, z: 1.90004673e-15}
  m_LocalScale: {x: .951103151, y: .95110327, z: .95110327}
  m_Children: []
  m_Father: {fileID: 494564}
  m_RootOrder: 2
--- !u!4 &468162
Transform:
  m_ObjectHideFlags: 1
  m_PrefabParentObject: {fileID: 0}
  m_PrefabInternal: {fileID: 100100000}
  m_GameObject: {fileID: 117436}
  m_LocalRotation: {x: -7.61635093e-08, y: -3.16113313e-09, z: .858025372, w: .513607264}
  m_LocalPosition: {x: 2.59646704e-08, y: -2.37169715e-08, z: 1.68385724e-15}
  m_LocalScale: {x: .531176329, y: .531176567, z: .531176448}
  m_Children: []
  m_Father: {fileID: 487880}
  m_RootOrder: 2
--- !u!4 &468278
Transform:
  m_ObjectHideFlags: 1
  m_PrefabParentObject: {fileID: 0}
  m_PrefabInternal: {fileID: 100100000}
  m_GameObject: {fileID: 145224}
  m_LocalRotation: {x: .997744858, y: .0671210811, z: 2.63417821e-09, w: 4.21468513e-08}
  m_LocalPosition: {x: 135.41748, y: -189.932648, z: -1.69034884e-08}
  m_LocalScale: {x: 2.58047175, y: 2.58047199, z: 2.58047175}
  m_Children:
  - {fileID: 426094}
  - {fileID: 487880}
  - {fileID: 447768}
  - {fileID: 414766}
  m_Father: {fileID: 426156}
  m_RootOrder: 12
--- !u!4 &470474
Transform:
  m_ObjectHideFlags: 1
  m_PrefabParentObject: {fileID: 0}
  m_PrefabInternal: {fileID: 100100000}
  m_GameObject: {fileID: 180986}
  m_LocalRotation: {x: 3.76088007e-15, y: -2.88657944e-15, z: 0, w: 1}
  m_LocalPosition: {x: 113.989929, y: -191.655411, z: -3.83693077e-13}
  m_LocalScale: {x: 1, y: 1, z: 1}
  m_Children:
  - {fileID: 452826}
  m_Father: {fileID: 426156}
  m_RootOrder: 2
--- !u!4 &473308
Transform:
  m_ObjectHideFlags: 1
  m_PrefabParentObject: {fileID: 0}
  m_PrefabInternal: {fileID: 100100000}
  m_GameObject: {fileID: 170116}
  m_LocalRotation: {x: -4.13673078e-08, y: -8.06862488e-09, z: .425277114, w: .905063212}
  m_LocalPosition: {x: 5.45112044e-08, y: 1, z: -7.35205887e-08}
  m_LocalScale: {x: .53748095, y: .53748095, z: .537480891}
  m_Children:
  - {fileID: 458672}
  - {fileID: 457012}
  m_Father: {fileID: 487880}
  m_RootOrder: 0
--- !u!4 &475938
Transform:
  m_ObjectHideFlags: 1
  m_PrefabParentObject: {fileID: 0}
  m_PrefabInternal: {fileID: 100100000}
  m_GameObject: {fileID: 123178}
  m_LocalRotation: {x: -3.37496324e-08, y: 3.10810258e-08, z: -.0621367916, w: .998067677}
  m_LocalPosition: {x: -9.95253004e-07, y: -1.71335188e-07, z: 3.65395377e-14}
  m_LocalScale: {x: .564355671, y: .564355493, z: .564355433}
  m_Children: []
  m_Father: {fileID: 450598}
  m_RootOrder: 1
--- !u!4 &478590
Transform:
  m_ObjectHideFlags: 1
  m_PrefabParentObject: {fileID: 0}
  m_PrefabInternal: {fileID: 100100000}
  m_GameObject: {fileID: 149212}
  m_LocalRotation: {x: -8.68032899e-08, y: -3.83484311e-09, z: -2.68220873e-07, w: 1}
  m_LocalPosition: {x: 7.26074518e-07, y: -2.68488429e-06, z: 2.44903896e-13}
  m_LocalScale: {x: .999994934, y: .999994993, z: .999994934}
  m_Children: []
  m_Father: {fileID: 403100}
  m_RootOrder: 1
--- !u!4 &485714
Transform:
  m_ObjectHideFlags: 1
  m_PrefabParentObject: {fileID: 0}
  m_PrefabInternal: {fileID: 100100000}
  m_GameObject: {fileID: 160888}
  m_LocalRotation: {x: -3.40086288e-08, y: -2.4895181e-08, z: 1.1920929e-07, w: 1}
  m_LocalPosition: {x: 2.59646704e-08, y: -2.37169715e-08, z: 1.68385724e-15}
  m_LocalScale: {x: 1.00000024, y: 1.00000024, z: 1.00000036}
  m_Children: []
  m_Father: {fileID: 487880}
  m_RootOrder: 3
--- !u!4 &487276
Transform:
  m_ObjectHideFlags: 1
  m_PrefabParentObject: {fileID: 0}
  m_PrefabInternal: {fileID: 100100000}
  m_GameObject: {fileID: 197130}
  m_LocalRotation: {x: -1.32568783e-08, y: -1.63812448e-08, z: -1.7136334e-07, w: -1}
  m_LocalPosition: {x: 128.641647, y: -197.046127, z: -2.5385873e-07}
  m_LocalScale: {x: 1, y: 1, z: 1}
  m_Children:
  - {fileID: 433874}
  m_Father: {fileID: 426156}
  m_RootOrder: 4
--- !u!4 &487880
Transform:
  m_ObjectHideFlags: 1
  m_PrefabParentObject: {fileID: 0}
  m_PrefabInternal: {fileID: 100100000}
  m_GameObject: {fileID: 182560}
  m_LocalRotation: {x: 7.97200244e-08, y: 2.62790802e-08, z: -.403468728, w: .914993465}
  m_LocalPosition: {x: -3.46475275e-08, y: 1, z: 8.44572341e-08}
  m_LocalScale: {x: 1.69494319, y: 1.69494331, z: 1.69494343}
  m_Children:
  - {fileID: 473308}
  - {fileID: 450546}
  - {fileID: 468162}
  - {fileID: 485714}
  m_Father: {fileID: 468278}
  m_RootOrder: 1
--- !u!4 &489420
Transform:
  m_ObjectHideFlags: 1
  m_PrefabParentObject: {fileID: 0}
  m_PrefabInternal: {fileID: 100100000}
  m_GameObject: {fileID: 110444}
  m_LocalRotation: {x: 4.21338306e-08, y: 1.04731424e-09, z: .368750334, w: .929528534}
  m_LocalPosition: {x: -1.93823524e-07, y: 1.00000036, z: -8.2221149e-08}
  m_LocalScale: {x: 2.14659643, y: 2.14659715, z: 2.14659691}
  m_Children:
  - {fileID: 401220}
  - {fileID: 464636}
  m_Father: {fileID: 450546}
  m_RootOrder: 0
--- !u!4 &492474
Transform:
  m_ObjectHideFlags: 1
  m_PrefabParentObject: {fileID: 0}
  m_PrefabInternal: {fileID: 100100000}
  m_GameObject: {fileID: 121742}
  m_LocalRotation: {x: 5.99781487e-08, y: 5.92287748e-08, z: -4.47034836e-07, w: -1}
  m_LocalPosition: {x: 2.39073135e-08, y: -3.53785112e-09, z: 3.72088487e-15}
  m_LocalScale: {x: .99999994, y: 1.00000012, z: .999999881}
  m_Children: []
  m_Father: {fileID: 426094}
  m_RootOrder: 3
--- !u!4 &494564
Transform:
  m_ObjectHideFlags: 1
  m_PrefabParentObject: {fileID: 0}
  m_PrefabInternal: {fileID: 100100000}
  m_GameObject: {fileID: 189756}
  m_LocalRotation: {x: 8.44279878e-16, y: -1.25199538e-15, z: -.884996593, w: .465597451}
  m_LocalPosition: {x: .410862267, y: .449525654, z: 2.16075682e-14}
  m_LocalScale: {x: .758140922, y: .758140922, z: .758140802}
  m_Children:
  - {fileID: 403100}
  - {fileID: 450598}
  - {fileID: 466422}
  - {fileID: 432522}
  m_Father: {fileID: 426094}
  m_RootOrder: 1
--- !u!4 &495824
Transform:
  m_ObjectHideFlags: 1
  m_PrefabParentObject: {fileID: 0}
  m_PrefabInternal: {fileID: 100100000}
  m_GameObject: {fileID: 119848}
  m_LocalRotation: {x: 0, y: 0, z: 0, w: 1}
  m_LocalPosition: {x: 132.595047, y: -190.160248, z: 1.01573775e-07}
  m_LocalScale: {x: 1, y: 1, z: 1}
  m_Children: []
  m_Father: {fileID: 426156}
  m_RootOrder: 5
--- !u!4 &496880
Transform:
  m_ObjectHideFlags: 1
  m_PrefabParentObject: {fileID: 0}
  m_PrefabInternal: {fileID: 100100000}
  m_GameObject: {fileID: 181228}
  m_LocalRotation: {x: 0, y: 0, z: 0, w: 1}
  m_LocalPosition: {x: 142.494919, y: -191.108002, z: -2.53551828e-08}
  m_LocalScale: {x: 1, y: 1, z: 1}
  m_Children: []
  m_Father: {fileID: 426156}
  m_RootOrder: 9
--- !u!4 &497450
Transform:
  m_ObjectHideFlags: 1
  m_PrefabParentObject: {fileID: 0}
  m_PrefabInternal: {fileID: 100100000}
  m_GameObject: {fileID: 190778}
  m_LocalRotation: {x: 4.87390593e-16, y: 1.30533642e-17, z: .122748919, w: .99243778}
  m_LocalPosition: {x: .309997618, y: .169995159, z: 1.03761536e-20}
  m_LocalScale: {x: 1, y: 1, z: 1}
  m_Children: []
  m_Father: {fileID: 418416}
  m_RootOrder: 0
--- !u!4 &498242
Transform:
  m_ObjectHideFlags: 1
  m_PrefabParentObject: {fileID: 0}
  m_PrefabInternal: {fileID: 100100000}
  m_GameObject: {fileID: 165868}
  m_LocalRotation: {x: 0, y: 0, z: 0, w: 1}
  m_LocalPosition: {x: 137.75351, y: -196.97403, z: -6.06994774e-08}
  m_LocalScale: {x: 1, y: 1, z: 1}
  m_Children: []
  m_Father: {fileID: 426156}
  m_RootOrder: 7
--- !u!33 &3364498
MeshFilter:
  m_ObjectHideFlags: 1
  m_PrefabParentObject: {fileID: 0}
  m_PrefabInternal: {fileID: 100100000}
  m_GameObject: {fileID: 140740}
  m_Mesh: {fileID: 4300000, guid: dcdc99ed0730f964e9f6ce05edc138de, type: 2}
--- !u!95 &9579714
Animator:
  serializedVersion: 3
  m_ObjectHideFlags: 1
  m_PrefabParentObject: {fileID: 0}
  m_PrefabInternal: {fileID: 100100000}
  m_GameObject: {fileID: 113138}
  m_Enabled: 1
  m_Avatar: {fileID: 0}
  m_Controller: {fileID: 9100000, guid: 534f178b7e52fa04eb1db18cb3f6853d, type: 2}
  m_CullingMode: 0
  m_UpdateMode: 0
  m_ApplyRootMotion: 0
  m_LinearVelocityBlending: 0
  m_WarningMessage: 
  m_HasTransformHierarchy: 1
  m_AllowConstantClipSamplingOptimization: 1
--- !u!114 &11409602
MonoBehaviour:
  m_ObjectHideFlags: 1
  m_PrefabParentObject: {fileID: 0}
  m_PrefabInternal: {fileID: 100100000}
  m_GameObject: {fileID: 190778}
  m_Enabled: 1
  m_EditorHideFlags: 0
  m_Script: {fileID: 11500000, guid: ce5b497186e7941f3818d3304a18c909, type: 3}
  m_Name: 
  m_EditorClassIdentifier: 
  bone: {fileID: 191590}
  IsEnabled: 1
  Point: 0
  Orient: 1
  Scale: 0
  ConstrianedPosition: 0
  ConstrianedOrient: 0
  MaintainOffset: 0
  OffsetPos: {x: 0, y: 0, z: 0}
  OffsetScale: {x: 1.50197506, y: 1.50197506, z: 1.50197518}
  OffsetOrient: {x: 0, y: 0, z: 0, w: 0}
--- !u!114 &11413364
MonoBehaviour:
  m_ObjectHideFlags: 1
  m_PrefabParentObject: {fileID: 0}
  m_PrefabInternal: {fileID: 100100000}
  m_GameObject: {fileID: 117436}
  m_Enabled: 1
  m_EditorHideFlags: 0
  m_Script: {fileID: 11500000, guid: 414b3d7083efd4b3ab1599da5679e694, type: 3}
  m_Name: 
  m_EditorClassIdentifier: 
  boneToAimAt: {fileID: 450546}
  InEditBoneMode: 0
  _newSelection: []
--- !u!114 &11414926
MonoBehaviour:
  m_ObjectHideFlags: 1
  m_PrefabParentObject: {fileID: 0}
  m_PrefabInternal: {fileID: 100100000}
  m_GameObject: {fileID: 160888}
  m_Enabled: 1
  m_EditorHideFlags: 0
  m_Script: {fileID: 11500000, guid: 414b3d7083efd4b3ab1599da5679e694, type: 3}
  m_Name: 
  m_EditorClassIdentifier: 
  boneToAimAt: {fileID: 473308}
  InEditBoneMode: 0
  _newSelection: []
--- !u!114 &11416660
MonoBehaviour:
  m_ObjectHideFlags: 1
  m_PrefabParentObject: {fileID: 0}
  m_PrefabInternal: {fileID: 100100000}
  m_GameObject: {fileID: 127844}
  m_Enabled: 1
  m_EditorHideFlags: 0
  m_Script: {fileID: 11500000, guid: 414b3d7083efd4b3ab1599da5679e694, type: 3}
  m_Name: 
  m_EditorClassIdentifier: 
  boneToAimAt: {fileID: 494564}
  InEditBoneMode: 0
  _newSelection: []
--- !u!114 &11418198
MonoBehaviour:
  m_ObjectHideFlags: 1
  m_PrefabParentObject: {fileID: 0}
  m_PrefabInternal: {fileID: 100100000}
  m_GameObject: {fileID: 140740}
  m_Enabled: 1
  m_EditorHideFlags: 0
  m_Script: {fileID: 11500000, guid: a653489e23bfc9d459ccae28b8f68df3, type: 3}
  m_Name: 
  m_EditorClassIdentifier: 
--- !u!114 &11421888
MonoBehaviour:
  m_ObjectHideFlags: 1
  m_PrefabParentObject: {fileID: 0}
  m_PrefabInternal: {fileID: 100100000}
  m_GameObject: {fileID: 188936}
  m_Enabled: 1
  m_EditorHideFlags: 0
  m_Script: {fileID: 11500000, guid: 62fc74be5d0ea434fa84a6add19b6c84, type: 3}
  m_Name: 
  m_EditorClassIdentifier: 
  poleVector: {fileID: 498242}
  AimDirection: {x: 0, y: 0, z: 1}
  UpDirection: {x: 1, y: 0, z: 0}
  Flip: 0
  SquashAndStretch: 0
  Scale: 0
  scaleStart:
  - {x: .6919204, y: .691920638, z: .691920638}
  - {x: .99999994, y: .99999994, z: .999999881}
  topJointTransform: {fileID: 450546}
  middleJointTransform: {fileID: 489420}
  bottomJointTransform: {fileID: 401220}
  OffsetScale: {x: .289801568, y: .289801598, z: .289801449}
--- !u!114 &11423908
MonoBehaviour:
  m_ObjectHideFlags: 1
  m_PrefabParentObject: {fileID: 0}
  m_PrefabInternal: {fileID: 100100000}
  m_GameObject: {fileID: 163724}
  m_Enabled: 1
  m_EditorHideFlags: 0
  m_Script: {fileID: 11500000, guid: 414b3d7083efd4b3ab1599da5679e694, type: 3}
  m_Name: 
  m_EditorClassIdentifier: 
  boneToAimAt: {fileID: 401220}
  InEditBoneMode: 0
  _newSelection: []
--- !u!114 &11430614
MonoBehaviour:
  m_ObjectHideFlags: 1
  m_PrefabParentObject: {fileID: 0}
  m_PrefabInternal: {fileID: 100100000}
  m_GameObject: {fileID: 165236}
  m_Enabled: 1
  m_EditorHideFlags: 0
  m_Script: {fileID: 11500000, guid: 414b3d7083efd4b3ab1599da5679e694, type: 3}
  m_Name: 
  m_EditorClassIdentifier: 
  boneToAimAt: {fileID: 403100}
  InEditBoneMode: 0
  _newSelection: []
--- !u!114 &11430780
MonoBehaviour:
  m_ObjectHideFlags: 1
  m_PrefabParentObject: {fileID: 0}
  m_PrefabInternal: {fileID: 100100000}
  m_GameObject: {fileID: 195928}
  m_Enabled: 1
  m_EditorHideFlags: 0
  m_Script: {fileID: 11500000, guid: 414b3d7083efd4b3ab1599da5679e694, type: 3}
  m_Name: 
  m_EditorClassIdentifier: 
  boneToAimAt: {fileID: 400322}
  InEditBoneMode: 0
  _newSelection: []
--- !u!114 &11435298
MonoBehaviour:
  m_ObjectHideFlags: 1
  m_PrefabParentObject: {fileID: 0}
  m_PrefabInternal: {fileID: 100100000}
  m_GameObject: {fileID: 161126}
  m_Enabled: 1
  m_EditorHideFlags: 0
  m_Script: {fileID: 11500000, guid: 62fc74be5d0ea434fa84a6add19b6c84, type: 3}
  m_Name: 
  m_EditorClassIdentifier: 
  poleVector: {fileID: 441410}
  AimDirection: {x: 0, y: 0, z: 1}
  UpDirection: {x: 1, y: 0, z: 0}
  Flip: 1
  SquashAndStretch: 0
  Scale: 0
  scaleStart:
  - {x: 2.46629739, y: 2.46629763, z: 2.4662981}
  - {x: 1.64203644, y: 1.64203656, z: 1.64203656}
  topJointTransform: {fileID: 426094}
  middleJointTransform: {fileID: 400966}
  bottomJointTransform: {fileID: 400322}
  OffsetScale: {x: .126221314, y: .126221314, z: .126221314}
--- !u!114 &11443472
MonoBehaviour:
  m_ObjectHideFlags: 1
  m_PrefabParentObject: {fileID: 0}
  m_PrefabInternal: {fileID: 100100000}
  m_GameObject: {fileID: 196202}
  m_Enabled: 1
  m_EditorHideFlags: 0
  m_Script: {fileID: 11500000, guid: ce5b497186e7941f3818d3304a18c909, type: 3}
  m_Name: 
  m_EditorClassIdentifier: 
  bone: {fileID: 145224}
  IsEnabled: 1
  Point: 1
  Orient: 1
  Scale: 0
  ConstrianedPosition: 0
  ConstrianedOrient: 0
  MaintainOffset: 0
  OffsetPos: {x: 0, y: 0, z: 0}
  OffsetScale: {x: 2.58047175, y: 2.58047175, z: 2.58047175}
  OffsetOrient: {x: 0, y: 0, z: 0, w: 0}
--- !u!114 &11452012
MonoBehaviour:
  m_ObjectHideFlags: 1
  m_PrefabParentObject: {fileID: 0}
  m_PrefabInternal: {fileID: 100100000}
  m_GameObject: {fileID: 121742}
  m_Enabled: 1
  m_EditorHideFlags: 0
  m_Script: {fileID: 11500000, guid: 414b3d7083efd4b3ab1599da5679e694, type: 3}
  m_Name: 
  m_EditorClassIdentifier: 
  boneToAimAt: {fileID: 400966}
  InEditBoneMode: 0
  _newSelection: []
--- !u!114 &11456404
MonoBehaviour:
  m_ObjectHideFlags: 1
  m_PrefabParentObject: {fileID: 0}
  m_PrefabInternal: {fileID: 100100000}
  m_GameObject: {fileID: 152764}
  m_Enabled: 1
  m_EditorHideFlags: 0
  m_Script: {fileID: 11500000, guid: 414b3d7083efd4b3ab1599da5679e694, type: 3}
  m_Name: 
  m_EditorClassIdentifier: 
  boneToAimAt: {fileID: 489420}
  InEditBoneMode: 0
  _newSelection: []
--- !u!114 &11459490
MonoBehaviour:
  m_ObjectHideFlags: 1
  m_PrefabParentObject: {fileID: 0}
  m_PrefabInternal: {fileID: 100100000}
  m_GameObject: {fileID: 152234}
  m_Enabled: 1
  m_EditorHideFlags: 0
  m_Script: {fileID: 11500000, guid: 62fc74be5d0ea434fa84a6add19b6c84, type: 3}
  m_Name: 
  m_EditorClassIdentifier: 
  poleVector: {fileID: 496880}
  AimDirection: {x: 0, y: 0, z: 1}
  UpDirection: {x: 1, y: 0, z: 0}
  Flip: 0
  SquashAndStretch: 0
  Scale: 0
  scaleStart:
  - {x: 1.69494319, y: 1.69494331, z: 1.69494343}
  - {x: 1.88261592, y: 1.88261616, z: 1.88261628}
  topJointTransform: {fileID: 487880}
  middleJointTransform: {fileID: 473308}
  bottomJointTransform: {fileID: 458672}
  OffsetScale: {x: .425385445, y: .425385356, z: .425385326}
--- !u!114 &11462020
MonoBehaviour:
  m_ObjectHideFlags: 1
  m_PrefabParentObject: {fileID: 0}
  m_PrefabInternal: {fileID: 100100000}
  m_GameObject: {fileID: 113138}
  m_Enabled: 1
  m_EditorHideFlags: 0
  m_Script: {fileID: 11500000, guid: 4b26f48954cb147b3aa11d49d1ad9513, type: 3}
  m_Name: 
  m_EditorClassIdentifier: 
  startRotationY: 0
  _SplineControls: []
  _Ikhandles:
  - {fileID: 11435298}
  - {fileID: 11464370}
  - {fileID: 11421888}
  - {fileID: 11459490}
  - {fileID: 11488988}
  _ParentControls:
  - {fileID: 11443472}
  - {fileID: 11409602}
  _ffdControls: []
  _Controls:
  - {fileID: 21258518}
  - {fileID: 21225000}
  - {fileID: 21209544}
  - {fileID: 21205800}
  - {fileID: 21218506}
  - {fileID: 21247234}
  - {fileID: 21250648}
  _Bones:
  - {fileID: 21249710}
  - {fileID: 21273384}
  - {fileID: 21276144}
  - {fileID: 21215404}
  - {fileID: 21227420}
  - {fileID: 21232860}
  - {fileID: 21242446}
  - {fileID: 21277810}
  - {fileID: 21236102}
  - {fileID: 21234336}
  - {fileID: 21281834}
  - {fileID: 21245426}
  - {fileID: 21254536}
  - {fileID: 21209006}
  - {fileID: 21204256}
  - {fileID: 21248364}
  - {fileID: 21284608}
  - {fileID: 21273106}
  - {fileID: 21203908}
  - {fileID: 21216642}
  - {fileID: 21244370}
  - {fileID: 21218404}
  - {fileID: 21238356}
  - {fileID: 21266012}
  - {fileID: 21234748}
  - {fileID: 21204740}
  - {fileID: 21274874}
  - {fileID: 21226060}
  - {fileID: 21226620}
  - {fileID: 21253190}
  _FFDControls: []
  ControlsVisiblity: 1
  BonesVisiblity: 1
  FFD_Visiblity: 1
  CombineMeshes: 0
  flip: 0
  AutoRefresh: 1
  ControlsEnabled: 1
  lateUpdate: 1
--- !u!114 &11464370
MonoBehaviour:
  m_ObjectHideFlags: 1
  m_PrefabParentObject: {fileID: 0}
  m_PrefabInternal: {fileID: 100100000}
  m_GameObject: {fileID: 189394}
  m_Enabled: 1
  m_EditorHideFlags: 0
  m_Script: {fileID: 11500000, guid: 62fc74be5d0ea434fa84a6add19b6c84, type: 3}
  m_Name: 
  m_EditorClassIdentifier: 
  poleVector: {fileID: 495824}
  AimDirection: {x: 0, y: 0, z: 1}
  UpDirection: {x: 1, y: 0, z: 0}
  Flip: 0
  SquashAndStretch: 0
  Scale: 0
  scaleStart:
  - {x: .758140922, y: .758140922, z: .758140802}
  - {x: 1.0514102, y: 1.0514102, z: 1.05141008}
  topJointTransform: {fileID: 494564}
  middleJointTransform: {fileID: 403100}
  bottomJointTransform: {fileID: 416286}
  OffsetScale: {x: .443168283, y: .443168432, z: .443168372}
--- !u!114 &11477962
MonoBehaviour:
  m_ObjectHideFlags: 1
  m_PrefabParentObject: {fileID: 0}
  m_PrefabInternal: {fileID: 100100000}
  m_GameObject: {fileID: 113138}
  m_Enabled: 1
  m_EditorHideFlags: 0
  m_Script: {fileID: 11500000, guid: 890ea55fc2bf70949a2cfd0bbb09b911, type: 3}
  m_Name: 
  m_EditorClassIdentifier: 
  tileme: {fileID: 2100000, guid: fcdf81114feaa23448f6b25d65da1c58, type: 2}
  EndValue: {x: 1.10000002, y: 1.63999999}
  StartValueY: {x: 1.10000002, y: 1.5}
  AnimSpeed: 2
--- !u!114 &11478618
MonoBehaviour:
  m_ObjectHideFlags: 1
  m_PrefabParentObject: {fileID: 0}
  m_PrefabInternal: {fileID: 100100000}
  m_GameObject: {fileID: 162188}
  m_Enabled: 1
  m_EditorHideFlags: 0
  m_Script: {fileID: 11500000, guid: 414b3d7083efd4b3ab1599da5679e694, type: 3}
  m_Name: 
  m_EditorClassIdentifier: 
  boneToAimAt: {fileID: 458672}
  InEditBoneMode: 0
  _newSelection: []
--- !u!114 &11479692
MonoBehaviour:
  m_ObjectHideFlags: 1
  m_PrefabParentObject: {fileID: 0}
  m_PrefabInternal: {fileID: 100100000}
  m_GameObject: {fileID: 101514}
  m_Enabled: 1
  m_EditorHideFlags: 0
  m_Script: {fileID: 11500000, guid: 414b3d7083efd4b3ab1599da5679e694, type: 3}
  m_Name: 
  m_EditorClassIdentifier: 
  boneToAimAt: {fileID: 450598}
  InEditBoneMode: 0
  _newSelection: []
--- !u!114 &11482654
MonoBehaviour:
  m_ObjectHideFlags: 1
  m_PrefabParentObject: {fileID: 0}
  m_PrefabInternal: {fileID: 100100000}
  m_GameObject: {fileID: 114614}
  m_Enabled: 1
  m_EditorHideFlags: 0
  m_Script: {fileID: 11500000, guid: 414b3d7083efd4b3ab1599da5679e694, type: 3}
  m_Name: 
  m_EditorClassIdentifier: 
  boneToAimAt: {fileID: 426094}
  InEditBoneMode: 0
  _newSelection: []
--- !u!114 &11482818
MonoBehaviour:
  m_ObjectHideFlags: 1
  m_PrefabParentObject: {fileID: 0}
  m_PrefabInternal: {fileID: 100100000}
  m_GameObject: {fileID: 123178}
  m_Enabled: 1
  m_EditorHideFlags: 0
  m_Script: {fileID: 11500000, guid: 414b3d7083efd4b3ab1599da5679e694, type: 3}
  m_Name: 
  m_EditorClassIdentifier: 
  boneToAimAt: {fileID: 460658}
  InEditBoneMode: 0
  _newSelection: []
--- !u!114 &11488988
MonoBehaviour:
  m_ObjectHideFlags: 1
  m_PrefabParentObject: {fileID: 0}
  m_PrefabInternal: {fileID: 100100000}
  m_GameObject: {fileID: 151146}
  m_Enabled: 1
  m_EditorHideFlags: 0
  m_Script: {fileID: 11500000, guid: 62fc74be5d0ea434fa84a6add19b6c84, type: 3}
  m_Name: 
  m_EditorClassIdentifier: 
  poleVector: {fileID: 463634}
  AimDirection: {x: 0, y: 0, z: 1}
  UpDirection: {x: 1, y: 0, z: 0}
  Flip: 0
  SquashAndStretch: 0
  Scale: 0
  scaleStart:
  - {x: .820075214, y: .820075512, z: .820075572}
  - {x: 1.0800451, y: 1.08004558, z: 1.08004522}
  topJointTransform: {fileID: 450598}
  middleJointTransform: {fileID: 460658}
  bottomJointTransform: {fileID: 402992}
  OffsetScale: {x: .81151104, y: .811510682, z: .811510742}
--- !u!114 &11496712
MonoBehaviour:
  m_ObjectHideFlags: 1
  m_PrefabParentObject: {fileID: 0}
  m_PrefabInternal: {fileID: 100100000}
  m_GameObject: {fileID: 110672}
  m_Enabled: 1
  m_EditorHideFlags: 0
  m_Script: {fileID: 11500000, guid: 414b3d7083efd4b3ab1599da5679e694, type: 3}
  m_Name: 
  m_EditorClassIdentifier: 
  boneToAimAt: {fileID: 487880}
  InEditBoneMode: 0
  _newSelection: []
--- !u!114 &11496768
MonoBehaviour:
  m_ObjectHideFlags: 1
  m_PrefabParentObject: {fileID: 0}
  m_PrefabInternal: {fileID: 100100000}
  m_GameObject: {fileID: 149212}
  m_Enabled: 1
  m_EditorHideFlags: 0
  m_Script: {fileID: 11500000, guid: 414b3d7083efd4b3ab1599da5679e694, type: 3}
  m_Name: 
  m_EditorClassIdentifier: 
  boneToAimAt: {fileID: 416286}
  InEditBoneMode: 0
  _newSelection: []
--- !u!137 &13761482
SkinnedMeshRenderer:
  m_ObjectHideFlags: 1
  m_PrefabParentObject: {fileID: 0}
  m_PrefabInternal: {fileID: 100100000}
  m_GameObject: {fileID: 140740}
  m_Enabled: 1
  m_CastShadows: 1
  m_ReceiveShadows: 1
  m_Materials:
  - {fileID: 2100000, guid: fcdf81114feaa23448f6b25d65da1c58, type: 2}
  m_SubsetIndices: 
  m_StaticBatchRoot: {fileID: 0}
  m_UseLightProbes: 1
  m_ReflectionProbeUsage: 1
  m_ProbeAnchor: {fileID: 0}
  m_ScaleInLightmap: 1
  m_PreserveUVs: 0
  m_ImportantGI: 0
  m_AutoUVMaxDistance: .5
  m_AutoUVMaxAngle: 89
  m_LightmapParameters: {fileID: 0}
  m_SortingLayerID: 0
  m_SortingOrder: 0
  serializedVersion: 2
  m_Quality: 2
  m_UpdateWhenOffscreen: 0
  m_Mesh: {fileID: 4300000, guid: dcdc99ed0730f964e9f6ce05edc138de, type: 2}
  m_Bones:
  - {fileID: 400966}
  - {fileID: 450546}
  - {fileID: 487880}
  - {fileID: 416286}
  - {fileID: 426094}
  - {fileID: 489420}
  - {fileID: 458672}
  - {fileID: 401220}
  - {fileID: 473308}
  - {fileID: 460658}
  - {fileID: 468278}
  - {fileID: 494564}
  - {fileID: 450598}
  - {fileID: 402992}
  - {fileID: 403100}
  - {fileID: 400322}
  m_BlendShapeWeights: []
  m_RootBone: {fileID: 0}
  m_AABB:
    m_Center: {x: -.0814943314, y: -.0129172802, z: 2.33626452e-10}
    m_Extent: {x: 2.72479486, y: 1.75520229, z: 2.41414398e-07}
  m_DirtyAABB: 0
--- !u!212 &21203908
SpriteRenderer:
  m_ObjectHideFlags: 1
  m_PrefabParentObject: {fileID: 0}
  m_PrefabInternal: {fileID: 100100000}
  m_GameObject: {fileID: 170116}
  m_Enabled: 1
  m_CastShadows: 0
  m_ReceiveShadows: 0
  m_Materials:
  - {fileID: 10754, guid: 0000000000000000e000000000000000, type: 0}
  m_SubsetIndices: 
  m_StaticBatchRoot: {fileID: 0}
  m_UseLightProbes: 0
  m_ReflectionProbeUsage: 0
  m_ProbeAnchor: {fileID: 0}
  m_ScaleInLightmap: 1
  m_PreserveUVs: 0
  m_ImportantGI: 0
  m_AutoUVMaxDistance: .5
  m_AutoUVMaxAngle: 89
  m_LightmapParameters: {fileID: 0}
  m_SortingLayerID: 757716079
  m_SortingOrder: 0
  m_Sprite: {fileID: 21300000, guid: 400b000b46765479cae3467635915ff1, type: 3}
  m_Color: {r: 1, g: 1, b: 1, a: 1}
--- !u!212 &21204256
SpriteRenderer:
  m_ObjectHideFlags: 1
  m_PrefabParentObject: {fileID: 0}
  m_PrefabInternal: {fileID: 100100000}
  m_GameObject: {fileID: 165236}
  m_Enabled: 1
  m_CastShadows: 0
  m_ReceiveShadows: 0
  m_Materials:
  - {fileID: 10754, guid: 0000000000000000e000000000000000, type: 0}
  m_SubsetIndices: 
  m_StaticBatchRoot: {fileID: 0}
  m_UseLightProbes: 0
  m_ReflectionProbeUsage: 0
  m_ProbeAnchor: {fileID: 0}
  m_ScaleInLightmap: 1
  m_PreserveUVs: 0
  m_ImportantGI: 0
  m_AutoUVMaxDistance: .5
  m_AutoUVMaxAngle: 89
  m_LightmapParameters: {fileID: 0}
  m_SortingLayerID: 757716079
  m_SortingOrder: 0
  m_Sprite: {fileID: 21300000, guid: bd1ab58daa03f49b6b2c9c9fc38c0203, type: 3}
  m_Color: {r: 1, g: 1, b: 1, a: 1}
--- !u!212 &21204740
SpriteRenderer:
  m_ObjectHideFlags: 1
  m_PrefabParentObject: {fileID: 0}
  m_PrefabInternal: {fileID: 100100000}
  m_GameObject: {fileID: 152764}
  m_Enabled: 1
  m_CastShadows: 0
  m_ReceiveShadows: 0
  m_Materials:
  - {fileID: 10754, guid: 0000000000000000e000000000000000, type: 0}
  m_SubsetIndices: 
  m_StaticBatchRoot: {fileID: 0}
  m_UseLightProbes: 0
  m_ReflectionProbeUsage: 0
  m_ProbeAnchor: {fileID: 0}
  m_ScaleInLightmap: 1
  m_PreserveUVs: 0
  m_ImportantGI: 0
  m_AutoUVMaxDistance: .5
  m_AutoUVMaxAngle: 89
  m_LightmapParameters: {fileID: 0}
  m_SortingLayerID: 757716079
  m_SortingOrder: 0
  m_Sprite: {fileID: 21300000, guid: bd1ab58daa03f49b6b2c9c9fc38c0203, type: 3}
  m_Color: {r: 1, g: 1, b: 1, a: 1}
--- !u!212 &21205800
SpriteRenderer:
  m_ObjectHideFlags: 1
  m_PrefabParentObject: {fileID: 0}
  m_PrefabInternal: {fileID: 100100000}
  m_GameObject: {fileID: 189394}
  m_Enabled: 1
  m_CastShadows: 0
  m_ReceiveShadows: 0
  m_Materials:
  - {fileID: 10754, guid: 0000000000000000e000000000000000, type: 0}
  m_SubsetIndices: 
  m_StaticBatchRoot: {fileID: 0}
  m_UseLightProbes: 0
  m_ReflectionProbeUsage: 0
  m_ProbeAnchor: {fileID: 0}
  m_ScaleInLightmap: 1
  m_PreserveUVs: 0
  m_ImportantGI: 0
  m_AutoUVMaxDistance: .5
  m_AutoUVMaxAngle: 89
  m_LightmapParameters: {fileID: 0}
  m_SortingLayerID: 1954526159
  m_SortingOrder: 0
  m_Sprite: {fileID: 21300000, guid: adf1c56ba844f45f0ac7bdc95d1e550e, type: 3}
  m_Color: {r: 1, g: 1, b: 1, a: 1}
--- !u!212 &21209006
SpriteRenderer:
  m_ObjectHideFlags: 1
  m_PrefabParentObject: {fileID: 0}
  m_PrefabInternal: {fileID: 100100000}
  m_GameObject: {fileID: 101514}
  m_Enabled: 1
  m_CastShadows: 0
  m_ReceiveShadows: 0
  m_Materials:
  - {fileID: 10754, guid: 0000000000000000e000000000000000, type: 0}
  m_SubsetIndices: 
  m_StaticBatchRoot: {fileID: 0}
  m_UseLightProbes: 0
  m_ReflectionProbeUsage: 0
  m_ProbeAnchor: {fileID: 0}
  m_ScaleInLightmap: 1
  m_PreserveUVs: 0
  m_ImportantGI: 0
  m_AutoUVMaxDistance: .5
  m_AutoUVMaxAngle: 89
  m_LightmapParameters: {fileID: 0}
  m_SortingLayerID: 757716079
  m_SortingOrder: 0
  m_Sprite: {fileID: 21300000, guid: bd1ab58daa03f49b6b2c9c9fc38c0203, type: 3}
  m_Color: {r: 1, g: 1, b: 1, a: 1}
--- !u!212 &21209544
SpriteRenderer:
  m_ObjectHideFlags: 1
  m_PrefabParentObject: {fileID: 0}
  m_PrefabInternal: {fileID: 100100000}
  m_GameObject: {fileID: 161126}
  m_Enabled: 1
  m_CastShadows: 0
  m_ReceiveShadows: 0
  m_Materials:
  - {fileID: 10754, guid: 0000000000000000e000000000000000, type: 0}
  m_SubsetIndices: 
  m_StaticBatchRoot: {fileID: 0}
  m_UseLightProbes: 0
  m_ReflectionProbeUsage: 0
  m_ProbeAnchor: {fileID: 0}
  m_ScaleInLightmap: 1
  m_PreserveUVs: 0
  m_ImportantGI: 0
  m_AutoUVMaxDistance: .5
  m_AutoUVMaxAngle: 89
  m_LightmapParameters: {fileID: 0}
  m_SortingLayerID: 1954526159
  m_SortingOrder: 0
  m_Sprite: {fileID: 21300000, guid: adf1c56ba844f45f0ac7bdc95d1e550e, type: 3}
  m_Color: {r: 1, g: 1, b: 1, a: 1}
--- !u!212 &21215404
SpriteRenderer:
  m_ObjectHideFlags: 1
  m_PrefabParentObject: {fileID: 0}
  m_PrefabInternal: {fileID: 100100000}
  m_GameObject: {fileID: 159562}
  m_Enabled: 1
  m_CastShadows: 0
  m_ReceiveShadows: 0
  m_Materials:
  - {fileID: 10754, guid: 0000000000000000e000000000000000, type: 0}
  m_SubsetIndices: 
  m_StaticBatchRoot: {fileID: 0}
  m_UseLightProbes: 0
  m_ReflectionProbeUsage: 0
  m_ProbeAnchor: {fileID: 0}
  m_ScaleInLightmap: 1
  m_PreserveUVs: 0
  m_ImportantGI: 0
  m_AutoUVMaxDistance: .5
  m_AutoUVMaxAngle: 89
  m_LightmapParameters: {fileID: 0}
  m_SortingLayerID: 757716079
  m_SortingOrder: 0
  m_Sprite: {fileID: 21300000, guid: ada21643a67034dc0a8bccbdb604fad7, type: 3}
  m_Color: {r: 1, g: 1, b: 1, a: 1}
--- !u!212 &21216642
SpriteRenderer:
  m_ObjectHideFlags: 1
  m_PrefabParentObject: {fileID: 0}
  m_PrefabInternal: {fileID: 100100000}
  m_GameObject: {fileID: 113912}
  m_Enabled: 1
  m_CastShadows: 0
  m_ReceiveShadows: 0
  m_Materials:
  - {fileID: 10754, guid: 0000000000000000e000000000000000, type: 0}
  m_SubsetIndices: 
  m_StaticBatchRoot: {fileID: 0}
  m_UseLightProbes: 0
  m_ReflectionProbeUsage: 0
  m_ProbeAnchor: {fileID: 0}
  m_ScaleInLightmap: 1
  m_PreserveUVs: 0
  m_ImportantGI: 0
  m_AutoUVMaxDistance: .5
  m_AutoUVMaxAngle: 89
  m_LightmapParameters: {fileID: 0}
  m_SortingLayerID: 757716079
  m_SortingOrder: 0
  m_Sprite: {fileID: 21300000, guid: ada21643a67034dc0a8bccbdb604fad7, type: 3}
  m_Color: {r: 1, g: 1, b: 1, a: 1}
--- !u!212 &21218404
SpriteRenderer:
  m_ObjectHideFlags: 1
  m_PrefabParentObject: {fileID: 0}
  m_PrefabInternal: {fileID: 100100000}
  m_GameObject: {fileID: 144058}
  m_Enabled: 1
  m_CastShadows: 0
  m_ReceiveShadows: 0
  m_Materials:
  - {fileID: 10754, guid: 0000000000000000e000000000000000, type: 0}
  m_SubsetIndices: 
  m_StaticBatchRoot: {fileID: 0}
  m_UseLightProbes: 0
  m_ReflectionProbeUsage: 0
  m_ProbeAnchor: {fileID: 0}
  m_ScaleInLightmap: 1
  m_PreserveUVs: 0
  m_ImportantGI: 0
  m_AutoUVMaxDistance: .5
  m_AutoUVMaxAngle: 89
  m_LightmapParameters: {fileID: 0}
  m_SortingLayerID: 757716079
  m_SortingOrder: 0
  m_Sprite: {fileID: 21300000, guid: 400b000b46765479cae3467635915ff1, type: 3}
  m_Color: {r: 1, g: 1, b: 1, a: 1}
--- !u!212 &21218506
SpriteRenderer:
  m_ObjectHideFlags: 1
  m_PrefabParentObject: {fileID: 0}
  m_PrefabInternal: {fileID: 100100000}
  m_GameObject: {fileID: 188936}
  m_Enabled: 1
  m_CastShadows: 0
  m_ReceiveShadows: 0
  m_Materials:
  - {fileID: 10754, guid: 0000000000000000e000000000000000, type: 0}
  m_SubsetIndices: 
  m_StaticBatchRoot: {fileID: 0}
  m_UseLightProbes: 0
  m_ReflectionProbeUsage: 0
  m_ProbeAnchor: {fileID: 0}
  m_ScaleInLightmap: 1
  m_PreserveUVs: 0
  m_ImportantGI: 0
  m_AutoUVMaxDistance: .5
  m_AutoUVMaxAngle: 89
  m_LightmapParameters: {fileID: 0}
  m_SortingLayerID: 1954526159
  m_SortingOrder: 0
  m_Sprite: {fileID: 21300000, guid: adf1c56ba844f45f0ac7bdc95d1e550e, type: 3}
  m_Color: {r: 1, g: 1, b: 1, a: 1}
--- !u!212 &21225000
SpriteRenderer:
  m_ObjectHideFlags: 1
  m_PrefabParentObject: {fileID: 0}
  m_PrefabInternal: {fileID: 100100000}
  m_GameObject: {fileID: 190778}
  m_Enabled: 1
  m_CastShadows: 0
  m_ReceiveShadows: 0
  m_Materials:
  - {fileID: 10754, guid: 0000000000000000e000000000000000, type: 0}
  m_SubsetIndices: 
  m_StaticBatchRoot: {fileID: 0}
  m_UseLightProbes: 0
  m_ReflectionProbeUsage: 0
  m_ProbeAnchor: {fileID: 0}
  m_ScaleInLightmap: 1
  m_PreserveUVs: 0
  m_ImportantGI: 0
  m_AutoUVMaxDistance: .5
  m_AutoUVMaxAngle: 89
  m_LightmapParameters: {fileID: 0}
  m_SortingLayerID: 1954526159
  m_SortingOrder: 0
  m_Sprite: {fileID: 21300000, guid: 76bda98d1bf2d440c867877d04e0f539, type: 3}
  m_Color: {r: 1, g: 1, b: 1, a: 1}
--- !u!212 &21226060
SpriteRenderer:
  m_ObjectHideFlags: 1
  m_PrefabParentObject: {fileID: 0}
  m_PrefabInternal: {fileID: 100100000}
  m_GameObject: {fileID: 160888}
  m_Enabled: 1
  m_CastShadows: 0
  m_ReceiveShadows: 0
  m_Materials:
  - {fileID: 10754, guid: 0000000000000000e000000000000000, type: 0}
  m_SubsetIndices: 
  m_StaticBatchRoot: {fileID: 0}
  m_UseLightProbes: 0
  m_ReflectionProbeUsage: 0
  m_ProbeAnchor: {fileID: 0}
  m_ScaleInLightmap: 1
  m_PreserveUVs: 0
  m_ImportantGI: 0
  m_AutoUVMaxDistance: .5
  m_AutoUVMaxAngle: 89
  m_LightmapParameters: {fileID: 0}
  m_SortingLayerID: 757716079
  m_SortingOrder: 0
  m_Sprite: {fileID: 21300000, guid: bd1ab58daa03f49b6b2c9c9fc38c0203, type: 3}
  m_Color: {r: 1, g: 1, b: 1, a: 1}
--- !u!212 &21226620
SpriteRenderer:
  m_ObjectHideFlags: 1
  m_PrefabParentObject: {fileID: 0}
  m_PrefabInternal: {fileID: 100100000}
  m_GameObject: {fileID: 110672}
  m_Enabled: 1
  m_CastShadows: 0
  m_ReceiveShadows: 0
  m_Materials:
  - {fileID: 10754, guid: 0000000000000000e000000000000000, type: 0}
  m_SubsetIndices: 
  m_StaticBatchRoot: {fileID: 0}
  m_UseLightProbes: 0
  m_ReflectionProbeUsage: 0
  m_ProbeAnchor: {fileID: 0}
  m_ScaleInLightmap: 1
  m_PreserveUVs: 0
  m_ImportantGI: 0
  m_AutoUVMaxDistance: .5
  m_AutoUVMaxAngle: 89
  m_LightmapParameters: {fileID: 0}
  m_SortingLayerID: 757716079
  m_SortingOrder: 0
  m_Sprite: {fileID: 21300000, guid: bd1ab58daa03f49b6b2c9c9fc38c0203, type: 3}
  m_Color: {r: 1, g: 1, b: 1, a: 1}
--- !u!212 &21227420
SpriteRenderer:
  m_ObjectHideFlags: 1
  m_PrefabParentObject: {fileID: 0}
  m_PrefabInternal: {fileID: 100100000}
  m_GameObject: {fileID: 195928}
  m_Enabled: 1
  m_CastShadows: 0
  m_ReceiveShadows: 0
  m_Materials:
  - {fileID: 10754, guid: 0000000000000000e000000000000000, type: 0}
  m_SubsetIndices: 
  m_StaticBatchRoot: {fileID: 0}
  m_UseLightProbes: 0
  m_ReflectionProbeUsage: 0
  m_ProbeAnchor: {fileID: 0}
  m_ScaleInLightmap: 1
  m_PreserveUVs: 0
  m_ImportantGI: 0
  m_AutoUVMaxDistance: .5
  m_AutoUVMaxAngle: 89
  m_LightmapParameters: {fileID: 0}
  m_SortingLayerID: 757716079
  m_SortingOrder: 0
  m_Sprite: {fileID: 21300000, guid: bd1ab58daa03f49b6b2c9c9fc38c0203, type: 3}
  m_Color: {r: 1, g: 1, b: 1, a: 1}
--- !u!212 &21232860
SpriteRenderer:
  m_ObjectHideFlags: 1
  m_PrefabParentObject: {fileID: 0}
  m_PrefabInternal: {fileID: 100100000}
  m_GameObject: {fileID: 189756}
  m_Enabled: 1
  m_CastShadows: 0
  m_ReceiveShadows: 0
  m_Materials:
  - {fileID: 10754, guid: 0000000000000000e000000000000000, type: 0}
  m_SubsetIndices: 
  m_StaticBatchRoot: {fileID: 0}
  m_UseLightProbes: 0
  m_ReflectionProbeUsage: 0
  m_ProbeAnchor: {fileID: 0}
  m_ScaleInLightmap: 1
  m_PreserveUVs: 0
  m_ImportantGI: 0
  m_AutoUVMaxDistance: .5
  m_AutoUVMaxAngle: 89
  m_LightmapParameters: {fileID: 0}
  m_SortingLayerID: 757716079
  m_SortingOrder: 0
  m_Sprite: {fileID: 21300000, guid: 400b000b46765479cae3467635915ff1, type: 3}
  m_Color: {r: 1, g: 1, b: 1, a: 1}
--- !u!212 &21234336
SpriteRenderer:
  m_ObjectHideFlags: 1
  m_PrefabParentObject: {fileID: 0}
  m_PrefabInternal: {fileID: 100100000}
  m_GameObject: {fileID: 166414}
  m_Enabled: 1
  m_CastShadows: 0
  m_ReceiveShadows: 0
  m_Materials:
  - {fileID: 10754, guid: 0000000000000000e000000000000000, type: 0}
  m_SubsetIndices: 
  m_StaticBatchRoot: {fileID: 0}
  m_UseLightProbes: 0
  m_ReflectionProbeUsage: 0
  m_ProbeAnchor: {fileID: 0}
  m_ScaleInLightmap: 1
  m_PreserveUVs: 0
  m_ImportantGI: 0
  m_AutoUVMaxDistance: .5
  m_AutoUVMaxAngle: 89
  m_LightmapParameters: {fileID: 0}
  m_SortingLayerID: 757716079
  m_SortingOrder: 0
  m_Sprite: {fileID: 21300000, guid: 400b000b46765479cae3467635915ff1, type: 3}
  m_Color: {r: 1, g: 1, b: 1, a: 1}
--- !u!212 &21234748
SpriteRenderer:
  m_ObjectHideFlags: 1
  m_PrefabParentObject: {fileID: 0}
  m_PrefabInternal: {fileID: 100100000}
  m_GameObject: {fileID: 163724}
  m_Enabled: 1
  m_CastShadows: 0
  m_ReceiveShadows: 0
  m_Materials:
  - {fileID: 10754, guid: 0000000000000000e000000000000000, type: 0}
  m_SubsetIndices: 
  m_StaticBatchRoot: {fileID: 0}
  m_UseLightProbes: 0
  m_ReflectionProbeUsage: 0
  m_ProbeAnchor: {fileID: 0}
  m_ScaleInLightmap: 1
  m_PreserveUVs: 0
  m_ImportantGI: 0
  m_AutoUVMaxDistance: .5
  m_AutoUVMaxAngle: 89
  m_LightmapParameters: {fileID: 0}
  m_SortingLayerID: 757716079
  m_SortingOrder: 0
  m_Sprite: {fileID: 21300000, guid: bd1ab58daa03f49b6b2c9c9fc38c0203, type: 3}
  m_Color: {r: 1, g: 1, b: 1, a: 1}
--- !u!212 &21236102
SpriteRenderer:
  m_ObjectHideFlags: 1
  m_PrefabParentObject: {fileID: 0}
  m_PrefabInternal: {fileID: 100100000}
  m_GameObject: {fileID: 149212}
  m_Enabled: 1
  m_CastShadows: 0
  m_ReceiveShadows: 0
  m_Materials:
  - {fileID: 10754, guid: 0000000000000000e000000000000000, type: 0}
  m_SubsetIndices: 
  m_StaticBatchRoot: {fileID: 0}
  m_UseLightProbes: 0
  m_ReflectionProbeUsage: 0
  m_ProbeAnchor: {fileID: 0}
  m_ScaleInLightmap: 1
  m_PreserveUVs: 0
  m_ImportantGI: 0
  m_AutoUVMaxDistance: .5
  m_AutoUVMaxAngle: 89
  m_LightmapParameters: {fileID: 0}
  m_SortingLayerID: 757716079
  m_SortingOrder: 0
  m_Sprite: {fileID: 21300000, guid: bd1ab58daa03f49b6b2c9c9fc38c0203, type: 3}
  m_Color: {r: 1, g: 1, b: 1, a: 1}
--- !u!212 &21238356
SpriteRenderer:
  m_ObjectHideFlags: 1
  m_PrefabParentObject: {fileID: 0}
  m_PrefabInternal: {fileID: 100100000}
  m_GameObject: {fileID: 110444}
  m_Enabled: 1
  m_CastShadows: 0
  m_ReceiveShadows: 0
  m_Materials:
  - {fileID: 10754, guid: 0000000000000000e000000000000000, type: 0}
  m_SubsetIndices: 
  m_StaticBatchRoot: {fileID: 0}
  m_UseLightProbes: 0
  m_ReflectionProbeUsage: 0
  m_ProbeAnchor: {fileID: 0}
  m_ScaleInLightmap: 1
  m_PreserveUVs: 0
  m_ImportantGI: 0
  m_AutoUVMaxDistance: .5
  m_AutoUVMaxAngle: 89
  m_LightmapParameters: {fileID: 0}
  m_SortingLayerID: 757716079
  m_SortingOrder: 0
  m_Sprite: {fileID: 21300000, guid: 400b000b46765479cae3467635915ff1, type: 3}
  m_Color: {r: 1, g: 1, b: 1, a: 1}
--- !u!212 &21242446
SpriteRenderer:
  m_ObjectHideFlags: 1
  m_PrefabParentObject: {fileID: 0}
  m_PrefabInternal: {fileID: 100100000}
  m_GameObject: {fileID: 195308}
  m_Enabled: 1
  m_CastShadows: 0
  m_ReceiveShadows: 0
  m_Materials:
  - {fileID: 10754, guid: 0000000000000000e000000000000000, type: 0}
  m_SubsetIndices: 
  m_StaticBatchRoot: {fileID: 0}
  m_UseLightProbes: 0
  m_ReflectionProbeUsage: 0
  m_ProbeAnchor: {fileID: 0}
  m_ScaleInLightmap: 1
  m_PreserveUVs: 0
  m_ImportantGI: 0
  m_AutoUVMaxDistance: .5
  m_AutoUVMaxAngle: 89
  m_LightmapParameters: {fileID: 0}
  m_SortingLayerID: 757716079
  m_SortingOrder: 0
  m_Sprite: {fileID: 21300000, guid: 400b000b46765479cae3467635915ff1, type: 3}
  m_Color: {r: 1, g: 1, b: 1, a: 1}
--- !u!212 &21244370
SpriteRenderer:
  m_ObjectHideFlags: 1
  m_PrefabParentObject: {fileID: 0}
  m_PrefabInternal: {fileID: 100100000}
  m_GameObject: {fileID: 162188}
  m_Enabled: 1
  m_CastShadows: 0
  m_ReceiveShadows: 0
  m_Materials:
  - {fileID: 10754, guid: 0000000000000000e000000000000000, type: 0}
  m_SubsetIndices: 
  m_StaticBatchRoot: {fileID: 0}
  m_UseLightProbes: 0
  m_ReflectionProbeUsage: 0
  m_ProbeAnchor: {fileID: 0}
  m_ScaleInLightmap: 1
  m_PreserveUVs: 0
  m_ImportantGI: 0
  m_AutoUVMaxDistance: .5
  m_AutoUVMaxAngle: 89
  m_LightmapParameters: {fileID: 0}
  m_SortingLayerID: 757716079
  m_SortingOrder: 0
  m_Sprite: {fileID: 21300000, guid: bd1ab58daa03f49b6b2c9c9fc38c0203, type: 3}
  m_Color: {r: 1, g: 1, b: 1, a: 1}
--- !u!212 &21245426
SpriteRenderer:
  m_ObjectHideFlags: 1
  m_PrefabParentObject: {fileID: 0}
  m_PrefabInternal: {fileID: 100100000}
  m_GameObject: {fileID: 199802}
  m_Enabled: 1
  m_CastShadows: 0
  m_ReceiveShadows: 0
  m_Materials:
  - {fileID: 10754, guid: 0000000000000000e000000000000000, type: 0}
  m_SubsetIndices: 
  m_StaticBatchRoot: {fileID: 0}
  m_UseLightProbes: 0
  m_ReflectionProbeUsage: 0
  m_ProbeAnchor: {fileID: 0}
  m_ScaleInLightmap: 1
  m_PreserveUVs: 0
  m_ImportantGI: 0
  m_AutoUVMaxDistance: .5
  m_AutoUVMaxAngle: 89
  m_LightmapParameters: {fileID: 0}
  m_SortingLayerID: 757716079
  m_SortingOrder: 0
  m_Sprite: {fileID: 21300000, guid: ada21643a67034dc0a8bccbdb604fad7, type: 3}
  m_Color: {r: 1, g: 1, b: 1, a: 1}
--- !u!212 &21247234
SpriteRenderer:
  m_ObjectHideFlags: 1
  m_PrefabParentObject: {fileID: 0}
  m_PrefabInternal: {fileID: 100100000}
  m_GameObject: {fileID: 152234}
  m_Enabled: 1
  m_CastShadows: 0
  m_ReceiveShadows: 0
  m_Materials:
  - {fileID: 10754, guid: 0000000000000000e000000000000000, type: 0}
  m_SubsetIndices: 
  m_StaticBatchRoot: {fileID: 0}
  m_UseLightProbes: 0
  m_ReflectionProbeUsage: 0
  m_ProbeAnchor: {fileID: 0}
  m_ScaleInLightmap: 1
  m_PreserveUVs: 0
  m_ImportantGI: 0
  m_AutoUVMaxDistance: .5
  m_AutoUVMaxAngle: 89
  m_LightmapParameters: {fileID: 0}
  m_SortingLayerID: 1954526159
  m_SortingOrder: 0
  m_Sprite: {fileID: 21300000, guid: adf1c56ba844f45f0ac7bdc95d1e550e, type: 3}
  m_Color: {r: 1, g: 1, b: 1, a: 1}
--- !u!212 &21248364
SpriteRenderer:
  m_ObjectHideFlags: 1
  m_PrefabParentObject: {fileID: 0}
  m_PrefabInternal: {fileID: 100100000}
  m_GameObject: {fileID: 127844}
  m_Enabled: 1
  m_CastShadows: 0
  m_ReceiveShadows: 0
  m_Materials:
  - {fileID: 10754, guid: 0000000000000000e000000000000000, type: 0}
  m_SubsetIndices: 
  m_StaticBatchRoot: {fileID: 0}
  m_UseLightProbes: 0
  m_ReflectionProbeUsage: 0
  m_ProbeAnchor: {fileID: 0}
  m_ScaleInLightmap: 1
  m_PreserveUVs: 0
  m_ImportantGI: 0
  m_AutoUVMaxDistance: .5
  m_AutoUVMaxAngle: 89
  m_LightmapParameters: {fileID: 0}
  m_SortingLayerID: 757716079
  m_SortingOrder: 0
  m_Sprite: {fileID: 21300000, guid: bd1ab58daa03f49b6b2c9c9fc38c0203, type: 3}
  m_Color: {r: 1, g: 1, b: 1, a: 1}
--- !u!212 &21249710
SpriteRenderer:
  m_ObjectHideFlags: 1
  m_PrefabParentObject: {fileID: 0}
  m_PrefabInternal: {fileID: 100100000}
  m_GameObject: {fileID: 145224}
  m_Enabled: 1
  m_CastShadows: 0
  m_ReceiveShadows: 0
  m_Materials:
  - {fileID: 10754, guid: 0000000000000000e000000000000000, type: 0}
  m_SubsetIndices: 
  m_StaticBatchRoot: {fileID: 0}
  m_UseLightProbes: 0
  m_ReflectionProbeUsage: 0
  m_ProbeAnchor: {fileID: 0}
  m_ScaleInLightmap: 1
  m_PreserveUVs: 0
  m_ImportantGI: 0
  m_AutoUVMaxDistance: .5
  m_AutoUVMaxAngle: 89
  m_LightmapParameters: {fileID: 0}
  m_SortingLayerID: 757716079
  m_SortingOrder: 0
  m_Sprite: {fileID: 21300000, guid: 400b000b46765479cae3467635915ff1, type: 3}
  m_Color: {r: 1, g: 1, b: 1, a: 1}
--- !u!212 &21250648
SpriteRenderer:
  m_ObjectHideFlags: 1
  m_PrefabParentObject: {fileID: 0}
  m_PrefabInternal: {fileID: 100100000}
  m_GameObject: {fileID: 151146}
  m_Enabled: 1
  m_CastShadows: 0
  m_ReceiveShadows: 0
  m_Materials:
  - {fileID: 10754, guid: 0000000000000000e000000000000000, type: 0}
  m_SubsetIndices: 
  m_StaticBatchRoot: {fileID: 0}
  m_UseLightProbes: 0
  m_ReflectionProbeUsage: 0
  m_ProbeAnchor: {fileID: 0}
  m_ScaleInLightmap: 1
  m_PreserveUVs: 0
  m_ImportantGI: 0
  m_AutoUVMaxDistance: .5
  m_AutoUVMaxAngle: 89
  m_LightmapParameters: {fileID: 0}
  m_SortingLayerID: 1954526159
  m_SortingOrder: 0
  m_Sprite: {fileID: 21300000, guid: adf1c56ba844f45f0ac7bdc95d1e550e, type: 3}
  m_Color: {r: 1, g: 1, b: 1, a: 1}
--- !u!212 &21253190
SpriteRenderer:
  m_ObjectHideFlags: 1
  m_PrefabParentObject: {fileID: 0}
  m_PrefabInternal: {fileID: 100100000}
  m_GameObject: {fileID: 114614}
  m_Enabled: 1
  m_CastShadows: 0
  m_ReceiveShadows: 0
  m_Materials:
  - {fileID: 10754, guid: 0000000000000000e000000000000000, type: 0}
  m_SubsetIndices: 
  m_StaticBatchRoot: {fileID: 0}
  m_UseLightProbes: 0
  m_ReflectionProbeUsage: 0
  m_ProbeAnchor: {fileID: 0}
  m_ScaleInLightmap: 1
  m_PreserveUVs: 0
  m_ImportantGI: 0
  m_AutoUVMaxDistance: .5
  m_AutoUVMaxAngle: 89
  m_LightmapParameters: {fileID: 0}
  m_SortingLayerID: 757716079
  m_SortingOrder: 0
  m_Sprite: {fileID: 21300000, guid: bd1ab58daa03f49b6b2c9c9fc38c0203, type: 3}
  m_Color: {r: 1, g: 1, b: 1, a: 1}
--- !u!212 &21254536
SpriteRenderer:
  m_ObjectHideFlags: 1
  m_PrefabParentObject: {fileID: 0}
  m_PrefabInternal: {fileID: 100100000}
  m_GameObject: {fileID: 123178}
  m_Enabled: 1
  m_CastShadows: 0
  m_ReceiveShadows: 0
  m_Materials:
  - {fileID: 10754, guid: 0000000000000000e000000000000000, type: 0}
  m_SubsetIndices: 
  m_StaticBatchRoot: {fileID: 0}
  m_UseLightProbes: 0
  m_ReflectionProbeUsage: 0
  m_ProbeAnchor: {fileID: 0}
  m_ScaleInLightmap: 1
  m_PreserveUVs: 0
  m_ImportantGI: 0
  m_AutoUVMaxDistance: .5
  m_AutoUVMaxAngle: 89
  m_LightmapParameters: {fileID: 0}
  m_SortingLayerID: 757716079
  m_SortingOrder: 0
  m_Sprite: {fileID: 21300000, guid: bd1ab58daa03f49b6b2c9c9fc38c0203, type: 3}
  m_Color: {r: 1, g: 1, b: 1, a: 1}
--- !u!212 &21258518
SpriteRenderer:
  m_ObjectHideFlags: 1
  m_PrefabParentObject: {fileID: 0}
  m_PrefabInternal: {fileID: 100100000}
  m_GameObject: {fileID: 196202}
  m_Enabled: 1
  m_CastShadows: 0
  m_ReceiveShadows: 0
  m_Materials:
  - {fileID: 10754, guid: 0000000000000000e000000000000000, type: 0}
  m_SubsetIndices: 
  m_StaticBatchRoot: {fileID: 0}
  m_UseLightProbes: 0
  m_ReflectionProbeUsage: 0
  m_ProbeAnchor: {fileID: 0}
  m_ScaleInLightmap: 1
  m_PreserveUVs: 0
  m_ImportantGI: 0
  m_AutoUVMaxDistance: .5
  m_AutoUVMaxAngle: 89
  m_LightmapParameters: {fileID: 0}
  m_SortingLayerID: 1954526159
  m_SortingOrder: 0
  m_Sprite: {fileID: 21300000, guid: 04edb9a51324c481b8daf0e82bb7dcde, type: 3}
  m_Color: {r: 1, g: 1, b: 1, a: 1}
--- !u!212 &21266012
SpriteRenderer:
  m_ObjectHideFlags: 1
  m_PrefabParentObject: {fileID: 0}
  m_PrefabInternal: {fileID: 100100000}
  m_GameObject: {fileID: 142434}
  m_Enabled: 1
  m_CastShadows: 0
  m_ReceiveShadows: 0
  m_Materials:
  - {fileID: 10754, guid: 0000000000000000e000000000000000, type: 0}
  m_SubsetIndices: 
  m_StaticBatchRoot: {fileID: 0}
  m_UseLightProbes: 0
  m_ReflectionProbeUsage: 0
  m_ProbeAnchor: {fileID: 0}
  m_ScaleInLightmap: 1
  m_PreserveUVs: 0
  m_ImportantGI: 0
  m_AutoUVMaxDistance: .5
  m_AutoUVMaxAngle: 89
  m_LightmapParameters: {fileID: 0}
  m_SortingLayerID: 757716079
  m_SortingOrder: 0
  m_Sprite: {fileID: 21300000, guid: ada21643a67034dc0a8bccbdb604fad7, type: 3}
  m_Color: {r: 1, g: 1, b: 1, a: 1}
--- !u!212 &21273106
SpriteRenderer:
  m_ObjectHideFlags: 1
  m_PrefabParentObject: {fileID: 0}
  m_PrefabInternal: {fileID: 100100000}
  m_GameObject: {fileID: 182560}
  m_Enabled: 1
  m_CastShadows: 0
  m_ReceiveShadows: 0
  m_Materials:
  - {fileID: 10754, guid: 0000000000000000e000000000000000, type: 0}
  m_SubsetIndices: 
  m_StaticBatchRoot: {fileID: 0}
  m_UseLightProbes: 0
  m_ReflectionProbeUsage: 0
  m_ProbeAnchor: {fileID: 0}
  m_ScaleInLightmap: 1
  m_PreserveUVs: 0
  m_ImportantGI: 0
  m_AutoUVMaxDistance: .5
  m_AutoUVMaxAngle: 89
  m_LightmapParameters: {fileID: 0}
  m_SortingLayerID: 757716079
  m_SortingOrder: 0
  m_Sprite: {fileID: 21300000, guid: 400b000b46765479cae3467635915ff1, type: 3}
  m_Color: {r: 1, g: 1, b: 1, a: 1}
--- !u!212 &21273384
SpriteRenderer:
  m_ObjectHideFlags: 1
  m_PrefabParentObject: {fileID: 0}
  m_PrefabInternal: {fileID: 100100000}
  m_GameObject: {fileID: 191590}
  m_Enabled: 1
  m_CastShadows: 0
  m_ReceiveShadows: 0
  m_Materials:
  - {fileID: 10754, guid: 0000000000000000e000000000000000, type: 0}
  m_SubsetIndices: 
  m_StaticBatchRoot: {fileID: 0}
  m_UseLightProbes: 0
  m_ReflectionProbeUsage: 0
  m_ProbeAnchor: {fileID: 0}
  m_ScaleInLightmap: 1
  m_PreserveUVs: 0
  m_ImportantGI: 0
  m_AutoUVMaxDistance: .5
  m_AutoUVMaxAngle: 89
  m_LightmapParameters: {fileID: 0}
  m_SortingLayerID: 757716079
  m_SortingOrder: 0
  m_Sprite: {fileID: 21300000, guid: 400b000b46765479cae3467635915ff1, type: 3}
  m_Color: {r: 1, g: 1, b: 1, a: 1}
--- !u!212 &21274874
SpriteRenderer:
  m_ObjectHideFlags: 1
  m_PrefabParentObject: {fileID: 0}
  m_PrefabInternal: {fileID: 100100000}
  m_GameObject: {fileID: 117436}
  m_Enabled: 1
  m_CastShadows: 0
  m_ReceiveShadows: 0
  m_Materials:
  - {fileID: 10754, guid: 0000000000000000e000000000000000, type: 0}
  m_SubsetIndices: 
  m_StaticBatchRoot: {fileID: 0}
  m_UseLightProbes: 0
  m_ReflectionProbeUsage: 0
  m_ProbeAnchor: {fileID: 0}
  m_ScaleInLightmap: 1
  m_PreserveUVs: 0
  m_ImportantGI: 0
  m_AutoUVMaxDistance: .5
  m_AutoUVMaxAngle: 89
  m_LightmapParameters: {fileID: 0}
  m_SortingLayerID: 757716079
  m_SortingOrder: 0
  m_Sprite: {fileID: 21300000, guid: bd1ab58daa03f49b6b2c9c9fc38c0203, type: 3}
  m_Color: {r: 1, g: 1, b: 1, a: 1}
--- !u!212 &21276144
SpriteRenderer:
  m_ObjectHideFlags: 1
  m_PrefabParentObject: {fileID: 0}
  m_PrefabInternal: {fileID: 100100000}
  m_GameObject: {fileID: 123006}
  m_Enabled: 1
  m_CastShadows: 0
  m_ReceiveShadows: 0
  m_Materials:
  - {fileID: 10754, guid: 0000000000000000e000000000000000, type: 0}
  m_SubsetIndices: 
  m_StaticBatchRoot: {fileID: 0}
  m_UseLightProbes: 0
  m_ReflectionProbeUsage: 0
  m_ProbeAnchor: {fileID: 0}
  m_ScaleInLightmap: 1
  m_PreserveUVs: 0
  m_ImportantGI: 0
  m_AutoUVMaxDistance: .5
  m_AutoUVMaxAngle: 89
  m_LightmapParameters: {fileID: 0}
  m_SortingLayerID: 757716079
  m_SortingOrder: 0
  m_Sprite: {fileID: 21300000, guid: 400b000b46765479cae3467635915ff1, type: 3}
  m_Color: {r: 1, g: 1, b: 1, a: 1}
--- !u!212 &21277810
SpriteRenderer:
  m_ObjectHideFlags: 1
  m_PrefabParentObject: {fileID: 0}
  m_PrefabInternal: {fileID: 100100000}
  m_GameObject: {fileID: 171834}
  m_Enabled: 1
  m_CastShadows: 0
  m_ReceiveShadows: 0
  m_Materials:
  - {fileID: 10754, guid: 0000000000000000e000000000000000, type: 0}
  m_SubsetIndices: 
  m_StaticBatchRoot: {fileID: 0}
  m_UseLightProbes: 0
  m_ReflectionProbeUsage: 0
  m_ProbeAnchor: {fileID: 0}
  m_ScaleInLightmap: 1
  m_PreserveUVs: 0
  m_ImportantGI: 0
  m_AutoUVMaxDistance: .5
  m_AutoUVMaxAngle: 89
  m_LightmapParameters: {fileID: 0}
  m_SortingLayerID: 757716079
  m_SortingOrder: 0
  m_Sprite: {fileID: 21300000, guid: ada21643a67034dc0a8bccbdb604fad7, type: 3}
  m_Color: {r: 1, g: 1, b: 1, a: 1}
--- !u!212 &21281834
SpriteRenderer:
  m_ObjectHideFlags: 1
  m_PrefabParentObject: {fileID: 0}
  m_PrefabInternal: {fileID: 100100000}
  m_GameObject: {fileID: 182744}
  m_Enabled: 1
  m_CastShadows: 0
  m_ReceiveShadows: 0
  m_Materials:
  - {fileID: 10754, guid: 0000000000000000e000000000000000, type: 0}
  m_SubsetIndices: 
  m_StaticBatchRoot: {fileID: 0}
  m_UseLightProbes: 0
  m_ReflectionProbeUsage: 0
  m_ProbeAnchor: {fileID: 0}
  m_ScaleInLightmap: 1
  m_PreserveUVs: 0
  m_ImportantGI: 0
  m_AutoUVMaxDistance: .5
  m_AutoUVMaxAngle: 89
  m_LightmapParameters: {fileID: 0}
  m_SortingLayerID: 757716079
  m_SortingOrder: 0
  m_Sprite: {fileID: 21300000, guid: 400b000b46765479cae3467635915ff1, type: 3}
  m_Color: {r: 1, g: 1, b: 1, a: 1}
--- !u!212 &21284608
SpriteRenderer:
  m_ObjectHideFlags: 1
  m_PrefabParentObject: {fileID: 0}
  m_PrefabInternal: {fileID: 100100000}
  m_GameObject: {fileID: 121742}
  m_Enabled: 1
  m_CastShadows: 0
  m_ReceiveShadows: 0
  m_Materials:
  - {fileID: 10754, guid: 0000000000000000e000000000000000, type: 0}
  m_SubsetIndices: 
  m_StaticBatchRoot: {fileID: 0}
  m_UseLightProbes: 0
  m_ReflectionProbeUsage: 0
  m_ProbeAnchor: {fileID: 0}
  m_ScaleInLightmap: 1
  m_PreserveUVs: 0
  m_ImportantGI: 0
  m_AutoUVMaxDistance: .5
  m_AutoUVMaxAngle: 89
  m_LightmapParameters: {fileID: 0}
  m_SortingLayerID: 757716079
  m_SortingOrder: 0
  m_Sprite: {fileID: 21300000, guid: bd1ab58daa03f49b6b2c9c9fc38c0203, type: 3}
  m_Color: {r: 1, g: 1, b: 1, a: 1}
--- !u!1001 &100100000
Prefab:
  m_ObjectHideFlags: 1
  serializedVersion: 2
  m_Modification:
    m_TransformParent: {fileID: 0}
    m_Modifications: []
    m_RemovedComponents: []
  m_ParentPrefab: {fileID: 0}
  m_RootGameObject: {fileID: 113138}
  m_IsPrefabParent: 1
