%YAML 1.1
%TAG !u! tag:unity3d.com,2011:
--- !u!1 &126824
GameObject:
  m_ObjectHideFlags: 1
  m_PrefabParentObject: {fileID: 0}
  m_PrefabInternal: {fileID: 100100000}
  serializedVersion: 4
  m_Component:
  - 4: {fileID: 498404}
  - 212: {fileID: 21226012}
  m_Layer: 0
  m_Name: bone_28
  m_TagString: Untagged
  m_Icon: {fileID: 0}
  m_NavMeshLayer: 0
  m_StaticEditorFlags: 0
  m_IsActive: 1
--- !u!1 &130584
GameObject:
  m_ObjectHideFlags: 1
  m_PrefabParentObject: {fileID: 0}
  m_PrefabInternal: {fileID: 100100000}
  serializedVersion: 4
  m_Component:
  - 4: {fileID: 415934}
  - 212: {fileID: 21277588}
  - 114: {fileID: 11427946}
  m_Layer: 0
  m_Name: hiddenBone_23
  m_TagString: Untagged
  m_Icon: {fileID: 0}
  m_NavMeshLayer: 0
  m_StaticEditorFlags: 0
  m_IsActive: 1
--- !u!1 &132430
GameObject:
  m_ObjectHideFlags: 1
  m_PrefabParentObject: {fileID: 0}
  m_PrefabInternal: {fileID: 100100000}
  serializedVersion: 4
  m_Component:
  - 4: {fileID: 403526}
  - 212: {fileID: 21237976}
  - 114: {fileID: 11486836}
  m_Layer: 0
  m_Name: bone_29_CTRL
  m_TagString: Untagged
  m_Icon: {fileID: 0}
  m_NavMeshLayer: 0
  m_StaticEditorFlags: 0
  m_IsActive: 1
--- !u!1 &133170
GameObject:
  m_ObjectHideFlags: 0
  m_PrefabParentObject: {fileID: 0}
  m_PrefabInternal: {fileID: 100100000}
  serializedVersion: 4
  m_Component:
  - 4: {fileID: 407366}
  m_Layer: 0
  m_Name: bone_29_POLE
  m_TagString: Untagged
  m_Icon: {fileID: 0}
  m_NavMeshLayer: 0
  m_StaticEditorFlags: 0
  m_IsActive: 1
--- !u!1 &133580
GameObject:
  m_ObjectHideFlags: 1
  m_PrefabParentObject: {fileID: 0}
  m_PrefabInternal: {fileID: 100100000}
  serializedVersion: 4
  m_Component:
  - 4: {fileID: 476546}
  - 212: {fileID: 21203676}
  - 114: {fileID: 11481190}
  m_Layer: 0
  m_Name: hiddenBone_24
  m_TagString: Untagged
  m_Icon: {fileID: 0}
  m_NavMeshLayer: 0
  m_StaticEditorFlags: 0
  m_IsActive: 1
--- !u!1 &134220
GameObject:
  m_ObjectHideFlags: 0
  m_PrefabParentObject: {fileID: 0}
  m_PrefabInternal: {fileID: 100100000}
  serializedVersion: 4
  m_Component:
  - 4: {fileID: 405526}
  - 33: {fileID: 3395000}
  - 137: {fileID: 13769290}
  - 114: {fileID: 11459686}
  m_Layer: 0
  m_Name: arm2_GEO
  m_TagString: Untagged
  m_Icon: {fileID: 0}
  m_NavMeshLayer: 0
  m_StaticEditorFlags: 0
  m_IsActive: 1
--- !u!1 &135182
GameObject:
  m_ObjectHideFlags: 1
  m_PrefabParentObject: {fileID: 0}
  m_PrefabInternal: {fileID: 100100000}
  serializedVersion: 4
  m_Component:
  - 4: {fileID: 497854}
  - 212: {fileID: 21249310}
  m_Layer: 0
  m_Name: bone_29
  m_TagString: Untagged
  m_Icon: {fileID: 0}
  m_NavMeshLayer: 0
  m_StaticEditorFlags: 0
  m_IsActive: 1
--- !u!1 &139496
GameObject:
  m_ObjectHideFlags: 0
  m_PrefabParentObject: {fileID: 0}
  m_PrefabInternal: {fileID: 100100000}
  serializedVersion: 4
  m_Component:
  - 4: {fileID: 425786}
  m_Layer: 0
  m_Name: bone_29_CTRL_GRP
  m_TagString: Untagged
  m_Icon: {fileID: 0}
  m_NavMeshLayer: 0
  m_StaticEditorFlags: 0
  m_IsActive: 1
--- !u!1 &143514
GameObject:
  m_ObjectHideFlags: 0
  m_PrefabParentObject: {fileID: 0}
  m_PrefabInternal: {fileID: 100100000}
  serializedVersion: 4
  m_Component:
  - 4: {fileID: 420548}
  - 114: {fileID: 11423944}
  m_Layer: 0
  m_Name: Arm_test_4
  m_TagString: Untagged
  m_Icon: {fileID: 0}
  m_NavMeshLayer: 0
  m_StaticEditorFlags: 0
  m_IsActive: 1
--- !u!1 &176188
GameObject:
  m_ObjectHideFlags: 0
  m_PrefabParentObject: {fileID: 0}
  m_PrefabInternal: {fileID: 100100000}
  serializedVersion: 4
  m_Component:
  - 4: {fileID: 428482}
  - 212: {fileID: 21295142}
  m_Layer: 0
  m_Name: bone_27
  m_TagString: Untagged
  m_Icon: {fileID: 0}
  m_NavMeshLayer: 0
  m_StaticEditorFlags: 0
  m_IsActive: 1
--- !u!4 &403526
Transform:
  m_ObjectHideFlags: 1
  m_PrefabParentObject: {fileID: 0}
  m_PrefabInternal: {fileID: 100100000}
  m_GameObject: {fileID: 132430}
  m_LocalRotation: {x: 0, y: 0, z: 0, w: 1}
  m_LocalPosition: {x: .400000006, y: .164000005, z: -0}
  m_LocalScale: {x: 1, y: 1, z: 1}
  m_Children: []
  m_Father: {fileID: 425786}
  m_RootOrder: 0
--- !u!4 &405526
Transform:
  m_ObjectHideFlags: 1
  m_PrefabParentObject: {fileID: 0}
  m_PrefabInternal: {fileID: 100100000}
  m_GameObject: {fileID: 134220}
  m_LocalRotation: {x: 0, y: 0, z: 0, w: 1}
  m_LocalPosition: {x: -110.169998, y: 173.009995, z: 0}
  m_LocalScale: {x: 1, y: 1, z: 1}
  m_Children: []
  m_Father: {fileID: 420548}
  m_RootOrder: 3
--- !u!4 &407366
Transform:
  m_ObjectHideFlags: 1
  m_PrefabParentObject: {fileID: 0}
  m_PrefabInternal: {fileID: 100100000}
  m_GameObject: {fileID: 133170}
  m_LocalRotation: {x: 0, y: 0, z: 0, w: 1}
  m_LocalPosition: {x: -112.103035, y: 172.871933, z: -1.91955708e-14}
  m_LocalScale: {x: 1, y: 1, z: 1}
  m_Children: []
  m_Father: {fileID: 420548}
  m_RootOrder: 1
--- !u!4 &415934
Transform:
  m_ObjectHideFlags: 1
  m_PrefabParentObject: {fileID: 0}
  m_PrefabInternal: {fileID: 100100000}
  m_GameObject: {fileID: 130584}
  m_LocalRotation: {x: 2.09927258e-08, y: -7.38749861e-08, z: -2.98023224e-08, w: 1}
  m_LocalPosition: {x: 0, y: 0, z: 0}
  m_LocalScale: {x: .999999642, y: .999999642, z: .999999702}
  m_Children: []
  m_Father: {fileID: 428482}
  m_RootOrder: 1
--- !u!4 &420548
Transform:
  m_ObjectHideFlags: 1
  m_PrefabParentObject: {fileID: 0}
  m_PrefabInternal: {fileID: 100100000}
  m_GameObject: {fileID: 143514}
  m_LocalRotation: {x: 0, y: 0, z: 0, w: 1}
  m_LocalPosition: {x: 0, y: 0, z: 0}
  m_LocalScale: {x: 1, y: 1, z: 1}
  m_Children:
  - {fileID: 425786}
  - {fileID: 407366}
  - {fileID: 428482}
  - {fileID: 405526}
  m_Father: {fileID: 0}
  m_RootOrder: 0
--- !u!4 &425786
Transform:
  m_ObjectHideFlags: 1
  m_PrefabParentObject: {fileID: 0}
  m_PrefabInternal: {fileID: 100100000}
  m_GameObject: {fileID: 139496}
  m_LocalRotation: {x: 2.11650359e-14, y: 1.37445559e-15, z: -1.7881392e-07, w: 1}
  m_LocalPosition: {x: -110.400047, y: 171.956406, z: 3.25485759e-14}
  m_LocalScale: {x: 1, y: 1, z: 1}
  m_Children:
  - {fileID: 403526}
  m_Father: {fileID: 420548}
  m_RootOrder: 0
--- !u!4 &428482
Transform:
  m_ObjectHideFlags: 1
  m_PrefabParentObject: {fileID: 0}
  m_PrefabInternal: {fileID: 100100000}
  m_GameObject: {fileID: 176188}
  m_LocalRotation: {x: .974591672, y: -.223989025, z: 3.56856731e-08, w: 1.21300218e-07}
  m_LocalPosition: {x: -110.240021, y: 174.103409, z: 0}
  m_LocalScale: {x: 1.39520121, y: 1.39520121, z: 1.39520121}
  m_Children:
  - {fileID: 498404}
  - {fileID: 415934}
  m_Father: {fileID: 420548}
  m_RootOrder: 2
--- !u!4 &476546
Transform:
  m_ObjectHideFlags: 1
  m_PrefabParentObject: {fileID: 0}
  m_PrefabInternal: {fileID: 100100000}
  m_GameObject: {fileID: 133580}
  m_LocalRotation: {x: 5.32907052e-15, y: 0, z: 0, w: 1}
  m_LocalPosition: {x: 3.59609089e-07, y: -9.44349736e-08, z: -1.04623985e-14}
  m_LocalScale: {x: .999996603, y: .999996483, z: .999996483}
  m_Children: []
  m_Father: {fileID: 498404}
  m_RootOrder: 1
--- !u!4 &497854
Transform:
  m_ObjectHideFlags: 1
  m_PrefabParentObject: {fileID: 0}
  m_PrefabInternal: {fileID: 100100000}
  m_GameObject: {fileID: 135182}
  m_LocalRotation: {x: -.908510983, y: -.417860955, z: 4.21468727e-08, w: -8.42936672e-08}
  m_LocalPosition: {x: -5.32972386e-08, y: 1.00000024, z: 8.6862471e-08}
  m_LocalScale: {x: .894179702, y: .894178987, z: .894179165}
  m_Children: []
  m_Father: {fileID: 498404}
  m_RootOrder: 0
--- !u!4 &498404
Transform:
  m_ObjectHideFlags: 1
  m_PrefabParentObject: {fileID: 0}
  m_PrefabInternal: {fileID: 100100000}
  m_GameObject: {fileID: 126824}
  m_LocalRotation: {x: 1.97825742e-07, y: -4.16910559e-08, z: -.610740185, w: .791831076}
  m_LocalPosition: {x: 4.2721183e-08, y: 1, z: 5.09276188e-15}
  m_LocalScale: {x: .801564515, y: .801564753, z: .801564813}
  m_Children:
  - {fileID: 497854}
  - {fileID: 476546}
  m_Father: {fileID: 428482}
  m_RootOrder: 0
--- !u!33 &3395000
MeshFilter:
  m_ObjectHideFlags: 1
  m_PrefabParentObject: {fileID: 0}
  m_PrefabInternal: {fileID: 100100000}
  m_GameObject: {fileID: 134220}
  m_Mesh: {fileID: 4300000, guid: 3fff1df1f3117eb40941de80459a1b8d, type: 2}
--- !u!114 &11423944
MonoBehaviour:
  m_ObjectHideFlags: 1
  m_PrefabParentObject: {fileID: 0}
  m_PrefabInternal: {fileID: 100100000}
  m_GameObject: {fileID: 143514}
  m_Enabled: 1
  m_EditorHideFlags: 0
  m_Script: {fileID: 11500000, guid: 4b26f48954cb147b3aa11d49d1ad9513, type: 3}
  m_Name: 
  m_EditorClassIdentifier: 
  startRotationY: 0
  _SplineControls: []
  _Ikhandles:
  - {fileID: 11486836}
  _ParentControls: []
  _ffdControls: []
  _Controls:
  - {fileID: 21237976}
  _Bones:
  - {fileID: 21295142}
  - {fileID: 21226012}
  - {fileID: 21249310}
  - {fileID: 21203676}
  - {fileID: 21277588}
  _FFDControls: []
  ControlsVisiblity: 1
  BonesVisiblity: 1
  FFD_Visiblity: 1
  CombineMeshes: 0
  flip: 0
  AutoRefresh: 1
  ControlsEnabled: 1
  lateUpdate: 1
--- !u!114 &11427946
MonoBehaviour:
  m_ObjectHideFlags: 1
  m_PrefabParentObject: {fileID: 0}
  m_PrefabInternal: {fileID: 100100000}
  m_GameObject: {fileID: 130584}
  m_Enabled: 1
  m_EditorHideFlags: 0
  m_Script: {fileID: 11500000, guid: 414b3d7083efd4b3ab1599da5679e694, type: 3}
  m_Name: 
  m_EditorClassIdentifier: 
  boneToAimAt: {fileID: 498404}
  InEditBoneMode: 0
  _newSelection: []
--- !u!114 &11459686
MonoBehaviour:
  m_ObjectHideFlags: 1
  m_PrefabParentObject: {fileID: 0}
  m_PrefabInternal: {fileID: 100100000}
  m_GameObject: {fileID: 134220}
  m_Enabled: 1
  m_EditorHideFlags: 0
  m_Script: {fileID: 11500000, guid: a653489e23bfc9d459ccae28b8f68df3, type: 3}
  m_Name: 
  m_EditorClassIdentifier: 
--- !u!114 &11481190
MonoBehaviour:
  m_ObjectHideFlags: 1
  m_PrefabParentObject: {fileID: 0}
  m_PrefabInternal: {fileID: 100100000}
  m_GameObject: {fileID: 133580}
  m_Enabled: 1
  m_EditorHideFlags: 0
  m_Script: {fileID: 11500000, guid: 414b3d7083efd4b3ab1599da5679e694, type: 3}
  m_Name: 
  m_EditorClassIdentifier: 
  boneToAimAt: {fileID: 497854}
  InEditBoneMode: 0
  _newSelection: []
--- !u!114 &11486836
MonoBehaviour:
  m_ObjectHideFlags: 1
  m_PrefabParentObject: {fileID: 0}
  m_PrefabInternal: {fileID: 100100000}
  m_GameObject: {fileID: 132430}
  m_Enabled: 1
  m_EditorHideFlags: 0
  m_Script: {fileID: 11500000, guid: 62fc74be5d0ea434fa84a6add19b6c84, type: 3}
  m_Name: 
  m_EditorClassIdentifier: 
  poleVector: {fileID: 407366}
  AimDirection: {x: 0, y: 0, z: 1}
  UpDirection: {x: 1, y: 0, z: 0}
  Flip: 1
  SquashAndStretch: 0
  Scale: 0
  scaleStart:
  - {x: 1.39520121, y: 1.39520121, z: 1.39520121}
  - {x: .801564515, y: .801564753, z: .801564813}
  topJointTransform: {fileID: 428482}
  middleJointTransform: {fileID: 498404}
  bottomJointTransform: {fileID: 497854}
  OffsetScale: {x: .894179702, y: .894178987, z: .894179165}
--- !u!137 &13769290
SkinnedMeshRenderer:
  m_ObjectHideFlags: 1
  m_PrefabParentObject: {fileID: 0}
  m_PrefabInternal: {fileID: 100100000}
  m_GameObject: {fileID: 134220}
  m_Enabled: 1
  m_CastShadows: 1
  m_ReceiveShadows: 1
  m_Materials:
  - {fileID: 2100000, guid: c3fa3ead72ecd3641968159badaf2b92, type: 2}
  m_SubsetIndices: 
  m_StaticBatchRoot: {fileID: 0}
  m_UseLightProbes: 1
  m_ReflectionProbeUsage: 1
  m_ProbeAnchor: {fileID: 0}
  m_ScaleInLightmap: 1
  m_PreserveUVs: 0
  m_ImportantGI: 0
  m_AutoUVMaxDistance: .5
  m_AutoUVMaxAngle: 89
  m_LightmapParameters: {fileID: 0}
  m_SortingLayerID: 0
  m_SortingOrder: 0
  serializedVersion: 2
  m_Quality: 2
  m_UpdateWhenOffscreen: 0
  m_Mesh: {fileID: 4300000, guid: 3fff1df1f3117eb40941de80459a1b8d, type: 2}
  m_Bones:
  - {fileID: 497854}
  - {fileID: 428482}
  - {fileID: 498404}
  m_BlendShapeWeights: []
  m_RootBone: {fileID: 0}
  m_AABB:
    m_Center: {x: -.256297588, y: .140668809, z: 1.53406177e-09}
    m_Extent: {x: 1.25955272, y: 1.37066388, z: 1.8732166e-07}
  m_DirtyAABB: 0
--- !u!212 &21203676
SpriteRenderer:
  m_ObjectHideFlags: 1
  m_PrefabParentObject: {fileID: 0}
  m_PrefabInternal: {fileID: 100100000}
  m_GameObject: {fileID: 133580}
  m_Enabled: 1
  m_CastShadows: 0
  m_ReceiveShadows: 0
  m_Materials:
  - {fileID: 10754, guid: 0000000000000000e000000000000000, type: 0}
  m_SubsetIndices: 
  m_StaticBatchRoot: {fileID: 0}
  m_UseLightProbes: 0
  m_ReflectionProbeUsage: 0
  m_ProbeAnchor: {fileID: 0}
  m_ScaleInLightmap: 1
  m_PreserveUVs: 0
  m_ImportantGI: 0
  m_AutoUVMaxDistance: .5
  m_AutoUVMaxAngle: 89
  m_LightmapParameters: {fileID: 0}
  m_SortingLayerID: 757716079
  m_SortingOrder: 0
  m_Sprite: {fileID: 21300000, guid: bd1ab58daa03f49b6b2c9c9fc38c0203, type: 3}
  m_Color: {r: 1, g: 1, b: 1, a: 1}
--- !u!212 &21226012
SpriteRenderer:
  m_ObjectHideFlags: 1
  m_PrefabParentObject: {fileID: 0}
  m_PrefabInternal: {fileID: 100100000}
  m_GameObject: {fileID: 126824}
  m_Enabled: 1
  m_CastShadows: 0
  m_ReceiveShadows: 0
  m_Materials:
  - {fileID: 10754, guid: 0000000000000000e000000000000000, type: 0}
  m_SubsetIndices: 
  m_StaticBatchRoot: {fileID: 0}
  m_UseLightProbes: 0
  m_ReflectionProbeUsage: 0
  m_ProbeAnchor: {fileID: 0}
  m_ScaleInLightmap: 1
  m_PreserveUVs: 0
  m_ImportantGI: 0
  m_AutoUVMaxDistance: .5
  m_AutoUVMaxAngle: 89
  m_LightmapParameters: {fileID: 0}
  m_SortingLayerID: 757716079
  m_SortingOrder: 0
  m_Sprite: {fileID: 21300000, guid: 400b000b46765479cae3467635915ff1, type: 3}
  m_Color: {r: 1, g: 1, b: 1, a: 1}
--- !u!212 &21237976
SpriteRenderer:
  m_ObjectHideFlags: 1
  m_PrefabParentObject: {fileID: 0}
  m_PrefabInternal: {fileID: 100100000}
  m_GameObject: {fileID: 132430}
  m_Enabled: 1
  m_CastShadows: 0
  m_ReceiveShadows: 0
  m_Materials:
  - {fileID: 10754, guid: 0000000000000000e000000000000000, type: 0}
  m_SubsetIndices: 
  m_StaticBatchRoot: {fileID: 0}
  m_UseLightProbes: 0
  m_ReflectionProbeUsage: 0
  m_ProbeAnchor: {fileID: 0}
  m_ScaleInLightmap: 1
  m_PreserveUVs: 0
  m_ImportantGI: 0
  m_AutoUVMaxDistance: .5
  m_AutoUVMaxAngle: 89
  m_LightmapParameters: {fileID: 0}
  m_SortingLayerID: 1954526159
  m_SortingOrder: 0
  m_Sprite: {fileID: 21300000, guid: adf1c56ba844f45f0ac7bdc95d1e550e, type: 3}
  m_Color: {r: 1, g: 1, b: 1, a: 1}
--- !u!212 &21249310
SpriteRenderer:
  m_ObjectHideFlags: 1
  m_PrefabParentObject: {fileID: 0}
  m_PrefabInternal: {fileID: 100100000}
  m_GameObject: {fileID: 135182}
  m_Enabled: 1
  m_CastShadows: 0
  m_ReceiveShadows: 0
  m_Materials:
  - {fileID: 10754, guid: 0000000000000000e000000000000000, type: 0}
  m_SubsetIndices: 
  m_StaticBatchRoot: {fileID: 0}
  m_UseLightProbes: 0
  m_ReflectionProbeUsage: 0
  m_ProbeAnchor: {fileID: 0}
  m_ScaleInLightmap: 1
  m_PreserveUVs: 0
  m_ImportantGI: 0
  m_AutoUVMaxDistance: .5
  m_AutoUVMaxAngle: 89
  m_LightmapParameters: {fileID: 0}
  m_SortingLayerID: 757716079
  m_SortingOrder: 0
  m_Sprite: {fileID: 21300000, guid: ada21643a67034dc0a8bccbdb604fad7, type: 3}
  m_Color: {r: 1, g: 1, b: 1, a: 1}
--- !u!212 &21277588
SpriteRenderer:
  m_ObjectHideFlags: 1
  m_PrefabParentObject: {fileID: 0}
  m_PrefabInternal: {fileID: 100100000}
  m_GameObject: {fileID: 130584}
  m_Enabled: 1
  m_CastShadows: 0
  m_ReceiveShadows: 0
  m_Materials:
  - {fileID: 10754, guid: 0000000000000000e000000000000000, type: 0}
  m_SubsetIndices: 
  m_StaticBatchRoot: {fileID: 0}
  m_UseLightProbes: 0
  m_ReflectionProbeUsage: 0
  m_ProbeAnchor: {fileID: 0}
  m_ScaleInLightmap: 1
  m_PreserveUVs: 0
  m_ImportantGI: 0
  m_AutoUVMaxDistance: .5
  m_AutoUVMaxAngle: 89
  m_LightmapParameters: {fileID: 0}
  m_SortingLayerID: 757716079
  m_SortingOrder: 0
  m_Sprite: {fileID: 21300000, guid: bd1ab58daa03f49b6b2c9c9fc38c0203, type: 3}
  m_Color: {r: 1, g: 1, b: 1, a: 1}
--- !u!212 &21295142
SpriteRenderer:
  m_ObjectHideFlags: 1
  m_PrefabParentObject: {fileID: 0}
  m_PrefabInternal: {fileID: 100100000}
  m_GameObject: {fileID: 176188}
  m_Enabled: 1
  m_CastShadows: 0
  m_ReceiveShadows: 0
  m_Materials:
  - {fileID: 10754, guid: 0000000000000000e000000000000000, type: 0}
  m_SubsetIndices: 
  m_StaticBatchRoot: {fileID: 0}
  m_UseLightProbes: 0
  m_ReflectionProbeUsage: 0
  m_ProbeAnchor: {fileID: 0}
  m_ScaleInLightmap: 1
  m_PreserveUVs: 0
  m_ImportantGI: 0
  m_AutoUVMaxDistance: .5
  m_AutoUVMaxAngle: 89
  m_LightmapParameters: {fileID: 0}
  m_SortingLayerID: 757716079
  m_SortingOrder: 0
  m_Sprite: {fileID: 21300000, guid: 400b000b46765479cae3467635915ff1, type: 3}
  m_Color: {r: 1, g: 1, b: 1, a: 1}
--- !u!1001 &100100000
Prefab:
  m_ObjectHideFlags: 1
  serializedVersion: 2
  m_Modification:
    m_TransformParent: {fileID: 0}
    m_Modifications: []
    m_RemovedComponents: []
  m_ParentPrefab: {fileID: 0}
  m_RootGameObject: {fileID: 143514}
  m_IsPrefabParent: 1
