%YAML 1.1
%TAG !u! tag:unity3d.com,2011:
--- !u!1 &151870
GameObject:
  m_ObjectHideFlags: 0
  m_PrefabParentObject: {fileID: 0}
  m_PrefabInternal: {fileID: 100100000}
  serializedVersion: 4
  m_Component:
  - 4: {fileID: 415854}
  - 114: {fileID: 11466216}
  - 23: {fileID: 2307706}
  - 33: {fileID: 3383942}
  - 114: {fileID: 11434814}
  m_Layer: 0
  m_Name: Balka 1
  m_TagString: Untagged
  m_Icon: {fileID: 0}
  m_NavMeshLayer: 0
  m_StaticEditorFlags: 4294967295
  m_IsActive: 1
--- !u!4 &415854
Transform:
  m_ObjectHideFlags: 1
  m_PrefabParentObject: {fileID: 0}
  m_PrefabInternal: {fileID: 100100000}
  m_GameObject: {fileID: 151870}
  m_LocalRotation: {x: 0, y: 0, z: 0, w: 1}
  m_LocalPosition: {x: -56.7400017, y: 31.3677101, z: 0}
  m_LocalScale: {x: .723106027, y: 1, z: 1}
  m_Children: []
  m_Father: {fileID: 0}
  m_RootOrder: 0
--- !u!23 &2307706
MeshRenderer:
  m_ObjectHideFlags: 1
  m_PrefabParentObject: {fileID: 0}
  m_PrefabInternal: {fileID: 100100000}
  m_GameObject: {fileID: 151870}
  m_Enabled: 1
  m_CastShadows: 1
  m_ReceiveShadows: 1
  m_Materials:
  - {fileID: 2100000, guid: f1a1a7af32efe8a41bd5518f3de4e3e0, type: 2}
  m_SubsetIndices: 
  m_StaticBatchRoot: {fileID: 0}
  m_UseLightProbes: 1
  m_ReflectionProbeUsage: 1
  m_ProbeAnchor: {fileID: 0}
  m_ScaleInLightmap: 1
  m_PreserveUVs: 0
  m_ImportantGI: 0
  m_AutoUVMaxDistance: .5
  m_AutoUVMaxAngle: 89
  m_LightmapParameters: {fileID: 0}
  m_SortingLayerID: 0
  m_SortingOrder: 0
--- !u!33 &3383942
MeshFilter:
  m_ObjectHideFlags: 1
  m_PrefabParentObject: {fileID: 0}
  m_PrefabInternal: {fileID: 100100000}
  m_GameObject: {fileID: 151870}
  m_Mesh: {fileID: 4300000, guid: 45f4b1aad175bd848b6010a19a6fca4c, type: 2}
--- !u!114 &11434814
MonoBehaviour:
  m_ObjectHideFlags: 1
  m_PrefabParentObject: {fileID: 0}
  m_PrefabInternal: {fileID: 100100000}
  m_GameObject: {fileID: 151870}
  m_Enabled: 1
  m_EditorHideFlags: 0
  m_Script: {fileID: 11500000, guid: c6f66502d17e51d4aae0b1e16d1903a4, type: 3}
  m_Name: 
  m_EditorClassIdentifier: 
  fill: 2
  fillY: 0
  fillZ: .0500000007
  splitCorners: 0
  smoothPath: 0
  splitCount: 0
  splitDist: 1
  splitMiddle: 1
  pixelsPerUnit: 64
  vertexColor: {r: 1, g: 1, b: 1, a: 1}
  stretchThreshold: .5
  createTangents: 0
  randomByWorldCoordinates: 0
  uvOffset: {x: 0, y: 0}
  slantAmount: 0
  createCollider: 1
  create3DCollider: 0
  isTrigger: 0
  depth: 4
  smoothSphereCollisions: 0
  sharpCorners: 0
  sharpCornerDistance: 2
  surfaceOffset:
  - 0
  - 0
  - 0
  - 0
  physicsMaterial: {fileID: 0}
  physicsMaterial2D: {fileID: 0}
  collidersLeft: 1
  collidersRight: 1
  collidersTop: 1
  collidersBottom: 1
  colliderThickness: .100000001
  directionOverrides: 6400000064000000640000006400000064000000
  vertScales:
  - 1
  - 1
  - 1
  - 1
  - 1
  terrainMaterial: {fileID: 11489932, guid: 74c96679a005a074bb67bf4d1d658933, type: 2}
--- !u!114 &11466216
MonoBehaviour:
  m_ObjectHideFlags: 1
  m_PrefabParentObject: {fileID: 0}
  m_PrefabInternal: {fileID: 100100000}
  m_GameObject: {fileID: 151870}
  m_Enabled: 1
  m_EditorHideFlags: 0
  m_Script: {fileID: 11500000, guid: 153f28ebef7ee024d94614d7ff3d7de9, type: 3}
  m_Name: 
  m_EditorClassIdentifier: 
  closed: 0
  pathVerts:
  - {x: -6.33072519, y: 6.20498657}
  - {x: -3.70101929, y: 6.05650711}
  - {x: -1.23781204, y: 5.49147034}
  - {x: 3.18627548, y: 4.92642593}
  - {x: 7.22683144, y: 4.80446243}
--- !u!1001 &100100000
Prefab:
  m_ObjectHideFlags: 1
  serializedVersion: 2
  m_Modification:
    m_TransformParent: {fileID: 0}
    m_Modifications: []
    m_RemovedComponents: []
  m_ParentPrefab: {fileID: 0}
  m_RootGameObject: {fileID: 151870}
  m_IsPrefabParent: 1
